3286 5046
314 419 379 484 284
594 411 653 476 DE
683 409 842 476 RHESO
872 412 1150 478 uuaoouutt

193 585 198 600 '
315 610 396 674 neo,
421 585 479 678 qui
501 595 623 678 agunt,
648 593 686 654 nt
705 586 797 654 caeci
818 585 1026 656 colliduntm.
1084 585 1227 656 Accedit
1248 586 1343 676 quod
1365 585 1432 656 αι’-ι’

314 689 468 760 moediae
486 689 585 780 plura
616 688 708 756 licita·
738 695 814 756 sunt
833 711 935 778 quam
950 689 1155 781 tragoediae.
1206 689 1300 757 Alius
1318 711 1432 782 gene·¹

314 795 440 876 risset,
466 791 559 881 quod
577 792 611 858 in
633 790 770 860 exordio
786 791 921 860 fabulae
942 793 1126 884 anapaestis
1141 793 1328 860 iusemutur
1341 792 1432 859 anst.

315 893 504 984 simplice,
536 895 571 960 in
592 893 712 983 quibus
732 891 874 981 chorus,
899 917 1002 984 quem
1016 896 1191 964 observata
1202 894 1330 962 referre
1345 917 1433 962 οοιι-Ι

315 997 485 1082 veniebat,
509 1017 633 1088 magua
644 995 881 1066 vociferatione
894 1007 933 1065 ιιι
951 997 986 1065 iu
997 1019 1126 1066 summo
1139 997 1300 1090 periculo,
1324 1019 1429 1086 qumn

314 1107 427 1167 tamen
455 1098 559 1166 modo
584 1097 667 1167 nihil
697 1096 858 1168 accidisse
883 1099 963 1168 nori
990 1099 1140 1186 dixisset,
1173 1099 1354 1168 exercitum
1384 1098 1432 1166 ad

316 1225 412 1270 mma
430 1209 464 1269 et
481 1201 575 1270 iubet
591 1201 722 1289 vocari,
748 1209 783 1268 et
795 1224 864 1270 non
873 1209 1070 1294 exspectato
1091 1201 1212 1270 ducis
1202 1201 1345 1292 imperio
1356 1201 1434 1292 ipse:

317 1313 424 1373 vocat.
474 1303 515 1371 ld
533 1303 662 1372 Atticus
674 1311 796 1394 poeta,
822 1304 956 1395 opinor,
981 1304 1164 1374 ιιιιιιιιιιιιιιι
1186 1325 1258 1372 esse
1278 1302 1434 1372 vidissett.

317 1429 386 1476 uon
414 1405 619 1473 abhorrebat
639 1415 750 1474 autem
775 1406 820 1474 ab
839 1407 1014 1493 imitatore,
1034 1406 1072 1474 id
1094 1407 1203 1476 solum
1222 1415 1361 1498 agente,
1392 1415 1430 1474 ut

318 1533 378 1578 sua
405 1531 541 1598 quoque
572 1508 750 1600 tragoedia
771 1509 964 1578 immixtum
977 1510 1174 1601 anapaestis
1187 1531 1322 1576 carmen
1345 1509 1429 1576 anti-

288 1543 523 1702 Χιιιιιιιιιιοιιιιι
535 1610 687 1680 haberet.
737 1611 854 1682 Addat
867 1611 919 1680 his
932 1611 1073 1680 fortasse
1089 1612 1206 1701 aliquis
1219 1611 1312 1698 illud,
1338 1611 1430 1703 qood

315 1737 388 1782 av.
406 1711 493 1782 ott.
515 1722 672 1802 quattuor
691 1723 822 1782 actores
847 1714 883 1782 in
904 1736 1005 1782 scena
1025 1737 1098 1784 esse
1118 1713 1301 1783 videantur.
1359 1712 1430 1782 Sed

315 1827 428 1885 tamen
446 1815 526 1883 huic
556 1825 751 1907 argumento
779 1815 862 1884 nihil
888 1815 1076 1904 tribuerim,
1107 1815 1271 1906 siquidem
1296 1824 1374 1906 post
1396 1839 1435 1882 ι..

183 1981 187 2004 ,
315 1917 402 1988 627
427 1918 564 2007 Vlysses
579 1918 624 1984 ad
650 1918 832 2010 capiendos
853 1917 962 1987 Rhesi
983 1941 1087 2008 equos
1107 1919 1199 1986 abire
1219 1918 1368 2004 ridetur,
1392 1927 1432 1998 ιιι

317 2023 375 2112 qui
397 2043 475 2089 eum
496 2022 569 2114 agit
587 2020 702 2090 histrio
722 2043 802 2091 mox
822 2022 930 2114 possit
954 2029 1083 2090 mutato
1111 2020 1229 2090 habitu
1250 2042 1430 2113 personam

229 2133 235 2145 “
316 2123 445 2194 Paridis
466 2124 615 2192 induere.
1066 2177 1068 2184 ι

419 2225 562 2296 Gravius
590 2235 642 2295 est
663 2223 848 2296 secundum
877 2225 970 2317 quod
997 2183 1111 2318 posui,
1146 2225 1291 2294 imitatio
1318 2224 1432 2316 inepta

315 2327 466 2399 Homeri
523 2330 712 2396 Homerum
745 2329 902 2396 universa
928 2329 1072 2400 Graecia
1100 2327 1299 2448 magistram
1323 2349 1433 2414 suum,

315 2432 512 2518 fontemque
527 2429 632 2497 omnia
653 2429 808 2496 scientiae
827 2430 991 2498 indicarit
1042 2431 1164 2498 Eum
1154 2430 1317 2521 inprimis
1333 2430 1431 2498 etiam

315 2531 504 2621 Aeschylus
526 2541 560 2600 et
573 2529 763 2622 Sophocles
784 2532 831 2598 ita
851 2541 926 2600 tunt
943 2531 1110 2619 admirati,
1135 2542 1174 2600 ut
1187 2533 1331 2625 plurima
1343 2555 1380 2600 se
1398 2533 1430 2624 ei

317 2643 352 2704 et
372 2634 515 2702 maxima
527 2635 654 2729 debere
667 2633 857 2704 faterentm.
909 2635 964 2703 Ex
981 2658 1023 2704 eo
1042 2647 1076 2704 et
1095 2634 1133 2703 hi
1148 2644 1182 2702 et
1200 2635 1255 2702 alii
1267 2635 1362 2702 multi
1376 2635 1430 2700 fa-

315 2737 471 2806 bulamm
486 2759 619 2806 suarum
631 2746 831 2829 argumenta
840 2737 1024 2828 petierunt,
1050 2737 1111 2806 sed
1122 2738 1185 2823 ita,
1210 2747 1248 2805 ut
1268 2759 1431 2804 summam

212 2839 216 2846 ’
316 2841 366 2909 rei
413 2863 455 2909 ex
491 2840 644 2908 Homero
682 2839 940 2932 depromerent,
991 2849 1124 2910 caetera
1156 2841 1323 2933 fingerent
1354 2841 1434 2931 ipsi,¹

317 2965 360 3012 ex
399 2942 537 3034 scintilla
574 2943 744 3011 flammam
783 2943 979 3011 excitantes:
1016 2943 1078 3012 nisi
1117 2944 1204 3011 forte
1243 2945 1278 3011 in
1310 2943 1431 3010 fabulis
1497 3019 1499 3026 .

316 3045 483 3135 satyricis,
515 3045 609 3136 quod
636 3068 744 3136 genus
769 3044 918 3136 parodiis
944 3067 1012 3112 non
1034 3045 1184 3114 absindle
1207 3055 1266 3114 est.
1324 3045 1431 3112 Rhesi

316 3171 398 3217 vero
424 3149 622 3238 scriptorem
642 3147 892 3234 siconsideres,
917 3146 954 3214 id
973 3148 1100 3238 ipsum,
1125 3148 1160 3216 in
1182 3170 1251 3237 quo
1264 3146 1431 3216 Matthiae

315 3249 557 3319 Alexandrinos
581 3248 770 3316 elaborasse
796 3248 893 3334 dicit,
924 3257 1049 3318 utnon
1066 3250 1172 3318 verba
1191 3259 1336 3338 tantum,
1368 3249 1432 3319 sed

316 3352 417 3422 etiam
435 3372 488 3418 res
510 3358 545 3418 et
558 3350 731 3418 sententias
750 3349 786 3418 iu
800 3374 860 3419 sna
871 3351 1152 3440 transfunderent,
1177 3354 1224 3421 ita
1244 3353 1314 3420 sine
1327 3353 1431 3420 modo

316 3463 351 3523 et
370 3452 533 3524 modestia
555 3453 599 3521 ob
624 3452 687 3520 isto
708 3451 844 3522 homine
870 3453 997 3522 iactum
1023 3453 1154 3543 videas,
1187 3463 1225 3523 ut
1243 3455 1430 3524 mirandum

314 3558 373 3643 sit,
405 3578 474 3624 non
501 3555 557 3624 rel
586 3554 730 3624 maxime
755 3554 1016 3626 Alexandrinum
1049 3557 1158 3626 risum
1190 3581 1272 3626 esse.
1337 3557 1432 3642 Quid

316 3659 427 3728 enim?
451 3659 571 3728 Nonne
592 3660 648 3728 ille
667 3667 773 3727 totam
794 3657 1044 3750 propemodum
1056 3659 1246 3730 Doloueam
1265 3662 1299 3728 in
1314 3661 1429 3751 singu-

314 3761 354 3830 lis
367 3761 465 3828 rebus
481 3770 515 3828 et
527 3762 637 3830 verbis
650 3760 835 3852 expressit?
858 3760 965 3851 Apud
977 3760 1165 3830 Homerum
1179 3764 1322 3832 victores
1338 3763 1436 3831 Tro-.

261 3863 263 3873 '
313 3863 380 3932 iani
399 3864 433 3930 in
452 3883 573 3953 campo
595 3872 729 3931 noctem
751 3864 952 3954 transigunt,
983 3863 1094 3932 multis
1116 3867 1263 3934 accensis
1285 3864 1428 3956 ignibus,

314 3965 596 4056 interstrepitum
614 3965 770 4033 tibiarum
793 3975 828 4032 et
853 3964 1054 4052 fistularum,
1079 3987 1111 4034 ι.
1132 3965 1199 4036 12:
1219 3967 1326 4034 Rhesi
1346 3968 1429 4052 scri-

314 4077 409 4164 ptor,
441 4090 553 4158 neque
576 4067 613 4135 id
642 4066 975 4160 reprehendendum,
1011 4068 1107 4160 ignes
1136 4069 1250 4138 tribuit
1279 4067 1428 4156 Graecis,

316 4193 384 4262 quo
400 4168 591 4240 viderentur
610 4171 777 4262 proelium
796 4169 852 4240 vel
870 4169 990 4262 fugam
1010 4171 1127 4240 moliri
1177 4170 1283 4261 Apud
1297 4171 1428 4242 Home·

317 4295 392 4340 rum
411 4269 586 4344 Menelaus
609 4274 763 4346 convenit
781 4271 1087 4364 Agamemnonem:
1119 4271 1198 4342 inde
1218 4273 1318 4341 ambo
1346 4274 1427 4342 alios

319 4373 479 4464 excitant,
495 4437 497 4442 .
513 4397 591 4444 cum
610 4377 734 4468 iisque,
766 4374 900 4454 visitatis
921 4375 1085 4464 excubiis,
1110 4375 1200 4446 fossa
1220 4385 1376 4476 superata
1394 4377 1428 4444 in
