3286 5046
316 434 380 497 ere
600 433 656 492 on
683 429 833 496 nesso
864 431 1142 494 raucorum
1182 427 1189 452 ·
1295 499 1299 522 ,

314 605 466 676 xundriui
480 605 568 672 enim
594 625 697 693 quum
714 603 940 696 'Sophoclem'
960 603 1142 698 praecipue
1168 603 1320 672 admirati
1333 627 1426 672 ··esse

305 708 506 790 uideantur,
533 707 692 774 credibile
717 717 793 793 est‚·
813 707 936 776 horum
944 711 988 775 -si
1013 709 1086 798 quis
1102 707 1323 799 tragoediam
1344 707 1426 774 seri-

316 812 426 894 beret,
459 809 504 876 ad
527 809 623 876 illius
644 831 719 876 eam
743 810 896 878 maluisse
920 831 1024 900 quam
1047 810 1093 878 ad
1115 809 1427 900 Euripidisexem·

314 914 423 1004 plum»
443 933 655 1002 componere.
713 913 830 1002 Pergit
860 910 1042 980 Matthiae:
1088 912 1213 1002 „quod
1245 917 1327 978 uero
1348 910 1429 978 »duo

315 1014 479 1104 „prologi
504 1014 712 1100 ferebantur,
745 1023 781 1082 ut
813 1024 864 1081 est
894 1017 929 1082 in
953 1024 1167 1106 argumento,
1201 1013 1295 1103 qnod
1318 1014 1429 1104 ipsum

315 1115 547 1203 „documento
572 1137 644 1184 esse
669 1125 796 1208 potest,
820 1127 974 1184 neutrum
996 1119 1134 1210 abipso
1151 1127 1255 1207 poeta
1269 1110 1441 1208 scriptum'

316 1241 436 1306 „esse,
461 1240 504 1285 ex
517 1235 558 1284 eo
581 1219 914 1304 coniicias‚1.llorente
931 1218 1058 1286 adhuc.
1075 1242 1176 1286 scena
1198 1217 1310 1286 Attica
1327 1217 1426 1286 fabu-

316 1321 412 1409 „lem
423 1321 582 1411 seriptum
606 1329 640 1388 et
663 1341 745 1388 vero
770 1321 870 1388 etium
894 1329 1002 1388 actam
1023 1344 1122 1405 esse‚·
1139 1343 1241 1410 quum
1266 1321 1321 1388 rix
1336 1320 1427 1408 quis-³

173 1447 179 1468 s
317 1445 456 1512 „quam
470 1443 609 1514 operam
632 1424 667 1496 iu
693 1445 734 1490 eo
757 1432 879 1514 ponat,
914 1423 1006 1513 quod
1029 1423 1148 1490 nullius
1172 1443 1249 1490 usus
1275 1422 1424 1490 futurum

317 1525 482 1612 „ridet‘t
517 1525 579 1593 llis
606 1525 742 1614 quidem
764 1525 945 1600 rationibus
969 1547 1089 1594 vereor
1113 1534 1151 1592 ut
1176 1524 1361 1614 quidquam
1375 1523 1427 1590 es-

316 1629 455 1696 iiciatur.
505 1627 655 1696 Primum
681 1629 786 1714 enim,
812 1629 840 1696 si
865 1637 981 1695 neuter
1005 1627 1165 1718 prologus
1182 1627 1332 1716 abipso
1342 1647 1428 1716 poe-

317 1740 353 1798 ta
367 1729 507 1820 scriptus
525 1741 593 1816 est,
606 1732 747 1821 'putavit
770 1731 827 1798 ille
852 1753 921 1798 non
946 1753 1032 1820 opus
1058 1752 1130 1797 esse
1154 1729 1309 1820 prologo.
1359 1727 1427 1794 lta-

319 1855 386 1921 que
409 1839 502 1898 tanto
525 1833 631 1924 magis
652 1833 771 1900 mirum
794 1831 900 1900 rideri
924 1840 1079 1923 oportet,
1113 1831 1209 1916 alios,
1235 1840 1270 1898 et
1295 1829 1430 1919 quidem

318 1951 387 2002 non
409 1955 516 2001 nuum
536 1936 697 2024 aliquem,
729 1934 790 2002 sed
822 1933 924 2020 duos,
947 1933 1053 2022 quod
1077 1934 1154 2026 ipse
1184 1941 1288 2025 poeta
1317 1931 1429 1998 inutile

279 2081 280 2086 ι
316 2036 555 2122 *esseeensuih
586 2038 634 2104 ita
656 2037 880 2106 necessarium
910 2035 1091 2123 iudicasse,
1129 2043 1167 2103 ut
1197 2036 1261 2126 ipsi
1292 2034 1428 2102 desua

304 2139 516 2226 'adiicerent‚
549 2139 764 2229 facerentque
790 2139 827 2208 id
853 2141 979 2230 ipsum,
1018 2139 1112 2228 qnod
1138 2137 1191 2206 vir
1223 2128 1429 2206 doctissimus

268 2279 273 2308 t
305 2241 486 2311 neminem
513 2241 610 2310 facile
637 2243 803 2318 faetmmn
829 2241 1016 2328 fuisseait,
1047 2249 1085 2308 ut
1107 2263 1247 2332 operam
1268 2247 1432 2331 ponerent

296 2345 435 2429 ineo,
466 2343 559 2430 quod
577 2342 729 2410 viderent
754 2343 872 2414 nullius
901 2367 978 2412 usus
1001 2365 1083 2410 esse.
1133 2344 1224 2412 Num
1250 2344 1339 2410 enim
1363 2361 1431 2424 non

319 2444 427 2536 potuit
454 2443 511 2533 agi
531 2444 645 2512 l'abula
670 2445 738 2512 sine
758 2445 930 2536 prologo?
953 2446 1018 2514 ‚At
1036 2451 1238 2518 ,acuerunt
1257 2444 1430 2536 sinepro-

319 2546 556 2636 logomnltae.
608 2547 647 2615 Si
675 2555 761 2614 esset
788 2556 901 2614 autem
925 2548 1088 2638 prologus
1118 2548 1338 2632 necessarius,
1372 2567 1431 2612 cnr

317 2649 435 2738 scripti
455 2659 530 2716 sunt
552 2648 645 2717 duo?
674 2649 766 2717 Num
786 2672 939 2738 quaeque
966 2651 1101 2720 fabulae
1121 2649 1310 2726 commissio
1336 2669 1433 2724 snum

320 2751 447 2818 hahere
471 2749 587 2819 debuit
606 2751 814 2842 prologum?
839 2762 896 2819 aut
919 2774 999 2820 num
1017 2752 1103 2820 haec
1128 2760 1198 2819 t'am
1218 2751 1362 2844 egregia
1377 2751 1432 2820 fu-

321 2855 401 2921 bula
420 2860 486 2939 est,
518 2845 652 2922 utnon
678 2855 787 2921 solnm
808 2876 876 2921 non
896 2854 1132 2944 exploderetur
1162 2877 1266 2944 quum
1287 2855 1432 2946 primum

248 3017 249 3024 ,
318 2965 373 3034 ,qst
393 2963 485 3040 aeta,
510 2955 570 3034 sed
592 2957 691 3025 etiam
705 2956 877 3023 iterumin
898 2979 1032 3023 scenam
1052 2956 1254 3030 afferretur?
1277 2958 1334 3025 An
1348 2977 1432 3034 uero
1510 2985 1513 2990 ’

285 3105 289 3114 ι
321 3059 428 3126 factos
453 3079 525 3126 esse
548 3055 710 3154 prqlogos
734 3057 927 3143 credamus,
965 3068 1003 3125 ut
1023 3059 1079 3127 vel
1105 3067 1308 3151 purgaretur
1328 3068 1433 3150 poeta

262 3169 265 3180 ’
297 3157 414 3248 r,apud
441 3157 669 3248 spectatorem¹
697 3159 792 3248 qnod
809 3168 884 3226 tam
908 3160 1032 3227 malam
1060 3161 1211 3230 fabulam
1240 3162 1432 3253 scripsisset,

319 3261 375 3328 rel
388 3258 821 3345 histrionesexcusarentur,
847 3261 940 3350 qnod
955 3285 1022 3331 non
1035 3273 1175 3355 agerent
1197 3264 1319 3332 aliam?
1343 3264 1433 3332 Tar'n

318 3359 499 3430 inauditnm
526 3363 561 3428 in
579 3361 754 3453 tragoedia
778 3363 907 3440 facinus
930 3387 999 3442 non
1024 3367 1259 3458 praeterissent
1285 3366 1430 3440 scholia-

320 3473 408 3548 stae,
434 3465 512 3552 ,quis
525 3465 599 3532 illos
625 3464 786 3557 prologos
810 3477 1007 3536 memorant.
1063 3469 1224 3536 lbdemur
1253 3491 1338 3561 ergo
1362 3469 1428 3538 hae

320 3567 503 3646 rationein
527 3567 633 3636 multe
655 3568 797 3637 maiores
818 3569 981 3661 implicari
1009 3569 1241 3659 difficultates,
1275 3595 1377 3661 quam
1404 3573 1432 3640 si

322 3667 485 3738 credimus
503 3667 684 3761 Euripidei
704 3669 811 3738 Rhesi
830 3672 1029 3763 prologum,
1063 3683 1230 3741 servatum
1257 3674 1292 3740 in
1319 3675 1431 3764 aliquo

321 3769 437 3850 ¹codice
459 3779 493 3838 et
509 3771 661 3839 additum
682 3781 798 3848 nostm
817 3773 952 3858 Rheso,
978 3775 1118 3863 qnodei
1139 3797 1207 3844 non
1230 3777 1430 3864 conveniret
1487 3805 1491 3812 ¹

303 3903 306 3910 ·
321 3873 365 3941 ab
380 3873 491 3961 aliquo
506 3873 665 3952 industrio
680 3872 834 3960 homine,
859 3875 916 3965 qni
930 3884 1035 3942 artem
1049 3899 1143 3946 suam
1159 3880 1302 3971 experiri
1320 3880 1430 3967 vellet,

302 3981 559 4058 ''commutatum
581 3997 654 4042 esse
679 3997 756 4044 eum
784 3976 849 4043 alio
872 3978 1028 4070 prologo.
1081 3979 1152 4048 Cur
1180 3983 1208 4049 is
1236 3983 1283 4050 ita
1305 3982 1429 4069 luserit,

301 4078 432 4158 inutile
448 4085 498 4146 est
515 4077 638 4167 quaeri.
690 4077 774 4162 Quis
794 4080 929 4170 ignom
944 4080 1103 4174 Diogenis
1115 4084 1240 4155 Laertii
1260 4085 1294 4152 iri
1307 4084 1429 4160 huius-

318 4180 416 4248 modi
432 4181 556 4250 lusibus
575 4180 768 4269 vanitatem,
793 4190 851 4250 aut
875 4205 962 4274 quae
987 4187 1115 4266 scribae
1139 4187 1249 4256 multis
1274 4186 1429 4262 ineodi-

319 4281 413 4351 *cibus
437 4284 595 4373 ingenioli
616 4283 666 4352 sni
685 4285 867 4375 specimina
887 4285 1075 4356 dedemnt?
1106 4287 1298 4378 Sequuntur
1316 4288 1428 4372 haece

319 4379 485 4477 „Orphei
503 4394 545 4461 et·
555 4383 692 4474 Musaei
708 4387 753 4457 de
763 4387 1029 4490 Atheniensibus
1041 4391 1166 4468 merita
1187 4402 1428 4470 commemorat
