3288 5046
165 431 176 450 ·
302 355 366 481 lbi
677 405 1050 472 numerationes

302 582 404 652 animi
429 579 647 671 affectionum
672 581 904 669 vehementia,
950 605 991 652 en
1020 580 1121 650 etiam
1151 579 1187 648 in
1212 603 1329 650 amore
1352 581 1417 666 uti,

300 685 594 775 ideoquedicere,
619 692 655 756 r'n
677 709 745 780 poc
767 685 873 770 milri,
905 692 945 754 ut
966 683 1054 756 deae
1074 682 1163 770 καί,
1207 685 1326 754 omnia
1345 686 1416 754 situ

301 797 413 858 erant.
465 789 507 858 ld
520 791 647 883 fugisse
662 789 857 860 histriones:
882 787 974 856 undo
1002 809 1060 855 eos
1079 785 1174 854 aliter
1195 787 1418 878 pronunciare

301 901 337 962 et
363 901 554 964 construere
585 893 674 964 haec
701 891 819 965 verba.
896 889 1083 976 Quomodo
1106 889 1213 958 vero?
1251 891 1322 960 Res
1341 891 1417 980 ipsa

299 1005 468 1068 monstrat.
519 999 608 1067 Nam
628 996 656 1066 ei
678 987 886 1090 γιγνώσκειν
907 993 957 1062 illi
978 991 1262 1084 pronunciabant,
1293 986 1415 1066 πάντα

300 1119 378 1166 cum
405 1097 475 1170 boe
495 1101 624 1186 verbo,
656 1122 725 1168 non
745 1118 825 1190 cunr
846 1091 891 1192 ἦν
918 1095 1089 1164 debebant
1115 1095 1338 1188 coniungere:
1377 1101 1416 1170 ἐν
1445 1133 1448 1146 ·

276 1193 426 1298 prop*
442 1195 486 1296 ’ἦν
514 1230 602 1298 μοι,
638 1195 761 1276 πάντα
784 1192 991 1292 γιγνώσκειν
1011 1199 1138 1288 καλῶς,
1177 1199 1213 1268 in
1234 1222 1303 1291 quo
1327 1199 1416 1268 milti

257 1327 261 1336 ’
297 1303 404 1374 eitum
428 1311 524 1395 erut,
556 1314 595 1376 ut
618 1305 737 1374 omnio
762 1302 1107 1372 rectcinstitnerem.
1173 1303 1260 1372 Nam
1280 1295 1416 1394 γιγνώ-

242 1452 245 1459 1
299 1431 396 1478 σκιιν
411 1419 462 1476 est
477 1409 577 1478 etiam
595 1408 798 1490 decernere,
824 1405 1043 1474 comtituere.
1093 1403 1211 1498 lpbig.
1229 1406 1308 1474 Aul
1327 1402 1413 1472 lut.

297 1507 324 1582 d
347 1505 376 1582 δ’
391 1505 434 1584 ori
452 1511 563 1592 καλῶς
583 1511 694 1605 ἔγνων
706 1501 806 1596 τότ’,
833 1503 943 1590 αὖθις
962 1501 1187 1602 μεταγράφω
1203 1507 1316 1589 καλαῖς
1329 1499 1413 1587 ,πά-

296 1615 367 1684 λιν.
418 1613 492 1684 lam
513 1637 594 1684 vero
613 1615 679 1684 alia
703 1612 807 1681 oritur
832 1612 1001 1699 quaestio,
1038 1631 1198 1682 verumne
1225 1610 1285 1694 sit,
1319 1608 1415 1700 quod

297 1711 343 1782 de
365 1714 580 1787 histrionibus
600 1716 703 1785 refert
722 1711 937 1798 scholiastes,
962 1735 1005 1784 an
1024 1712 1150 1782 lictum.
1201 1715 1415 1804 Acmagno-
1478 1751 1482 1756 ·

295 1837 380 1906 pere
400 1841 536 1902 vereor,
564 1842 625 1902 ne,
651 1816 746 1908 quod
762 1816 821 1883 ille
836 1815 957 1909 legisse
971 1814 1102 1884 ridetur
1125 1809 1328 1908 γιγνώσκεις
1341 1842 1411 1888 κα-

296 1919 388 1998 ioic,
414 1921 603 1989 emendatio
619 1917 660 1988 sit
673 1918 778 1987 critici
794 1916 998 2010 cuiuspiam,
1023 1920 1203 1986 convenire
1215 1917 1252 1986 id
1276 1917 1412 2010 ingenio

297 2017 465 2110 Medeae,
503 2019 700 2090 infinitivum
720 2030 832 2088 autem
856 2023 899 2088 ab
921 2019 1136 2090 histrionibus
1156 2023 1323 2090 invectum
1340 2021 1413 2090 rati.

228 2122 413 2208 MiQnare
442 2112 555 2198 nescio
587 2147 630 2194 an
651 2123 820 2193 Matthiae
852 2123 952 2192 etiarn
984 2123 1174 2204 laudandus
1208 2125 1267 2210 sit,
1319 2121 1415 2214 quod

297 2220 484 2320 ytyv'or'rreo
517 2229 739 2312 revocaverit,
764 2227 859 2320 φοι]
881 2227 1010 2319 optime
1032 2249 1111 2298 cum
1136 2228 1194 2310 iis,
1228 2249 1315 2317 quae
1335 2237 1413 2296 ante

296 2328 426 2400 dixerat
449 2328 594 2416 Medea,
621 2331 797 2422 congruit,
830 2323 949 2426 ψυχήν
975 2330 1182 2424 διέφθαρκα
1206 2341 1240 2400 et
1263 2339 1414 2404 κατθα-

295 2437 371 2506 νιῖν
388 2425 512 2528 χρῄζω.
563 2432 728 2524 Intelligit
751 2431 839 2500 enim
857 2433 943 2502 haec
956 2431 1065 2501 choro
1086 2433 1194 2502 videri
1218 2433 1344 2502 debere
1359 2426 1414 2530 μή

175 2577 182 2596 ι
296 2535 408 2615 καλῶς
423 2536 646 2630 ἐγνωσμέναι
671 2535 762 2607 undo
779 2533 890 2620 addit,
913 2557 984 2627 non
1013 2535 1136 2604 mirum
1158 2559 1249 2620 esse,
1281 2535 1413 2625 siquid

294 2637 402 2706 minus
422 2649 515 2716 recte
534 2639 702 2716 consulat:
726 2662 790 2731 per
809 2661 912 2728 quem
934 2639 1023 2709 enim
1045 2639 1109 2710 sibi
1130 2641 1274 2725 steterit,
1300 2639 1413 2712 omnia

295 2750 388 2812 recte
411 2739 543 2834 lairere,
569 2741 614 2812 ab
627 2764 670 2812 eo
685 2766 721 2812 se
733 2741 900 2812 desertam
914 2765 995 2813 esse.

372 2893 416 2964 V.
442 2893 529 2968 224.
562 2897 641 2965 Non
665 2895 846 2988 perutilem
879 2894 1109 2986 quaestionem
1140 2895 1283 2964 movisse
1313 2893 1412 2962 nobis

226 2997 428 3088 ahtvidetnr
448 2997 628 3068 Elmsleins
657 2998 785 3083 daeo,
826 3004 936 3065 utrum
963 2999 997 3067 in
1020 2997 1134 3088 quinta
1164 2997 1245 3068 sede
1273 2997 1414 3066 trimetri

200 3109 204 3113 ’
243 3093 281 3157 1¹·
297 3089 383 3193 iude
406 3124 448 3169 an
469 3095 582 3193 ἀν’γιός
600 3109 756 3193 praestet.
822 3100 862 3168 ln
890 3123 958 3190 qna
979 3123 1017 3168 re
1046 3099 1228 3170 iudicanda
1259 3100 1289 3170 ai
1309 3101 1413 3169 vellet

294 3211 390 3272 recto
413 3201 537 3272 iudicio
551 3202 759 3294 procedere,
784 3203 912 3270 nonnisi
928 3201 1093 3270 eiusmodi
1107 3204 1267 3296 exemplis
1282 3204 1332 3272 nti
1347 3203 1412 3271 de-

294 3305 441 3392 bebat,·
460 3305 495 3372 in
518 3305 638 3396 quibus
663 3303 790 3398 pariter
813 3314 846 3373 et
873 3298 958 3398 ἐμοὶ
988 3315 1022 3375 et
1050 3299 1163 3399 δυ’μός
1189 3307 1258 3378 dici
1275 3306 1415 3376 licebat..

294 3409 384 3479 Nam
403 3407 484 3496 qnid
508 3409 649 3494 mirum,
676 3407 735 3476 ubi
749 3430 816 3476 non
838 3417 972 3499 poterat
985 3404 1097 3502 ὀῠμος
1117 3407 1194 3498 dici,
1220 3405 1327 3506 ἐμός,·
1351 3409 1412 3478 ubi

295 3533 364 3582 non
385 3517 521 3605 poterat
542 3503 647 3606 ἐμός,
675 3505 786 3608 σ’ὐμός
807 3499 936 3582 dietum
959 3511 1054 3580 esse?

371 3661 415 3734 V.
441 3659 527 3737 256.
552 3661 721 3752 Mirabar,
734 3687 852 3754 ouum
874 3663 1044 3756 legerem
1069 3656 1179 3736 πόσιν
1193 3661 1291 3763 diffie
1305 3661 1410 3740 τοῖνδ’

296 3763 561 3846 ἁνιιτίσασθαι
591 3767 707 3840 κακῶν
730 3777 765 3835 et
795 3766 913 3834 similia
938 3789 993 3836 me
1022 3766 1056 3836 in
1075 3763 1175 3834 Obss.
1195 3767 1268 3836 crit
1289 3791 1325 3862 p.
1347 3765 1408 3836 64.

295 3869 390 3940 nullo
410 3877 513 3960 pacto
539 3890 619 3938 curn
641 3867 795 3940 Graecae
817 3869 954 3962 linguae
973 3868 1106 3961 legibus
1122 3871 1295 3940 conciliari
1309 3892 1411 3963 posse

157 4047 159 4054 ,
295 3970 516 4057 contendisse,
540 3971 732 4060 librumque
747 3972 884 4061 inspexi.
920 3973 968 4043 Et
982 3995 1410 4065 quemquamnequequae

295 4078 380 4146 olim
405 4075 600 4146 adolescens
624 4073 771 4164 scripsi,¹
790 4073 993 4162 defendere,
1019 4076 1047 4144 si
1071 4075 1158 4144 falsa
1186 4077 1268 4162 sint,
1293 4079 1408 4166 velim,

114 4240 116 4245 ,
200 4263 202 4267 ¹
257 4207 261 4217 ¹
296 4201 418 4268 neque,
444 4178 471 4246 si
485 4200 574 4248 nnnc
588 4201 643 4248 me
657 4200 767 4246 errare
783 4176 856 4266 quis
871 4177 1005 4268 doceat,
1038 4201 1107 4247 non
1121 4179 1411 4251 libentersentena

297 4282 379 4353 tiam
398 4288 543 4369 mntem,
569 4290 682 4352 tamen
701 4303 768 4350 non
781 4280 869 4370 hoc,
895 4283 990 4372 qnod
1015 4281 1191 4350 Elmsleius
1211 4283 1277 4372 ait,
1318 4284 1367 4352 ihi
1388 4305 1410 4352 a

298 4407 354 4456 me
377 4381 505 4452 onum
536 4392 608 4468 est,
646 4382 707 4454 sed
728 4382 833 4471 illud,
877 4378 963 4466 roric
990 4376 1189 4466 κτανόντας
1212 4380 1411 4461 ἀντικατα-
