3286 5046
284 405 349 471 rus
370 400 518 466 omno
539 369 806 478 m'nxssovns
827 402 943 464 nncrs
963 401 1159 464 mmmm
1180 401 1358 466 nvcvsn.

284 585 459 674 gerentem
498 575 600 646 vidit:
640 573 855 667 fatenturque
887 585 1041 648 cunteme
1073 597 1211 666 quoque
1244 575 1404 659 notiones,

128 803 132 820 .
283 682 494 855 uim
521 780 1403 855 ,m

282 911 435 982 gumque
454 897 593 981 gentes,
624 910 666 955 cx
682 887 804 977 quihus
818 907 920 976 uuus,
949 887 1123 956 Saxonum
1137 885 1311 974 quondum
1327 883 1403 952 ior·

281 990 430 1060 titudinis
458 998 648 1082 spectator,
683 989 780 1060 fortis
808 989 900 1081 ipse,
940 990 1201 1078 meritorumque
1229 989 1403 1058 Saxonum

283 1094 373 1188 regis
391 1092 493 1162 iudex
512 1095 741 1186 incorruptus,
767 1101 900 1184 sumpts
923 1101 1000 1161 unte
1021 1093 1086 1162 rite
1112 1101 1291 1183 occeptum
1308 1113 1402 1160 mnr-

281 1197 322 1266 tis
342 1195 499 1268 nuncium
512 1197 650 1290 lugubri
663 1205 773 1282 veste,
799 1195 1040 1288 pulcerrimum
1054 1194 1401 1282 deditissimum,

177 1355 185 1370 .
280 1321 350 1370 non
372 1321 497 1370 nomen
520 1323 557 1370 se
582 1300 733 1392 regium,
758 1299 819 1368 sed
843 1299 934 1392 regis
947 1299 1103 1368 virtutem
1124 1297 1304 1367 honorare.
1354 1298 1402 1366 Et

280 1401 438 1495 proiecto
456 1402 539 1494 quid
558 1403 684 1488 maius,
710 1401 793 1493 quid
809 1402 952 1472 divinius
966 1411 1016 1471 est
1032 1423 1134 1495 rege,
1160 1403 1254 1472 c'uius
1276 1423 1401 1493 pereu-

280 1506 362 1576 tatio
383 1507 507 1591 luctus,
529 1505 625 1577 cuins
644 1505 864 1598 praeconium
880 1527 975 1576 umor
993 1505 1134 1597 popuii,
1161 1504 1253 1575 cuius
1278 1524 1401 1573 monu-

280 1619 431 1678 mentum
451 1609 593 1680 felicitas
609 1609 730 1681 oivium
744 1607 818 1678 est?
852 1607 975 1679 Finem
992 1609 1094 1679 facite
1109 1607 1267 1678 lacrimis.
1298 1607 1402 1677 Solu·

281 1735 361 1782 men
380 1713 493 1804 luctus
507 1721 574 1798 est,
608 1735 739 1782 caussus
765 1711 923 1782 habuisse
953 1711 1104 1806 lugendi.
1163 1711 1285 1801 Neque
1315 1710 1401 1779 obiit

279 1815 361 1901 iiie,
385 1815 445 1884 sed
459 1816 558 1884 vivit:
581 1815 662 1884 vivit
676 1815 814 1886 conditu
826 1816 1050 1907 prosperitate
1065 1835 1179 1884 rorum
1194 1825 1400 1896 nostrarum

233 1918 361 1995 atrivit
373 1918 514 1987 fundata
528 1917 689 1988 felicitate
701 1919 854 2010 petriae3
878 1919 960 1988 vivit
978 1928 1076 2011 grute
1091 1917 1327 1988 recordatione
1340 1940 1400 1986 ue·

278 2022 439 2113 qualium,
460 2021 586 2114 pioque
601 2022 763 2090 memoria
777 2021 991 2113 posteritatis.
1019 2020 1137 2107 Quid?
1155 2021 1278 2109 immo,
1303 2019 1399 2112 quod

278 2125 386 2196 maius
408 2133 475 2216 est,
505 2124 586 2194 risit
605 2135 836 2218 superstesque
858 2133 908 2196 est
931 2123 1140 2212 sustinendo,
1171 2123 1311 2213 dende,
1336 2146 1397 2192 uu·

278 2227 452 2320 gendum
474 2227 645 2297 Saxonum
666 2249 729 2320 per
758 2249 987 2299 successorem
1016 2249 1133 2317 sunm,
1161 2250 1256 2297 nunc
1278 2247 1399 2320 regem

277 2339 444 2417 nostrum,
468 2329 737 2400 ANTONIVM.
761 2330 942 2400 Fretemus
956 2331 1108 2423 mugnis,
1132 2329 1279 2400 fraterne
1293 2353 1399 2418 mens,

279 2433 427 2503 etiamsi
448 2453 517 2502 non
537 2432 743 2524 promisisset
772 2433 868 2522 qnod
893 2433 1069 2532 promisit,
1101 2433 1320 2504 certissimum
1345 2442 1398 2503 est

278 2535 476 2607 eommdem
502 2534 736 2622 consiliorum,
776 2535 927 2605 eiusdem
960 2534 1212 2628 providentine‚
1245 2535 1399 2608 eiusdem
1456 2599 1461 2616 ,

277 2639 408 2732 patriae
426 2639 548 2708 umoris
565 2639 698 2731 pignus.
731 2636 834 2708 salve
847 2662 945 2733 ergo,
970 2661 1030 2709 rex
1044 2638 1247 2726 ΑΝΤΟΝΙ,
1270 2663 1398 2730 vosque

278 2743 421 2826 salvete,
446 2742 636 2833 superstites
656 2741 691 2810 in
704 2740 923 2813 ANTONIO
940 2765 1024 2836 rege
1039 2744 1144 2812 sancti
1165 2765 1280 2814 menes
1294 2743 1396 2813 Fit!-

276 2845 441 2916 unium
453 2843 693 2930 *AVGVSTL
717 2848 955 2937 praesentique
971 2847 1106 2916 numine
1126 2854 1239 2918 vestro
1255 2847 1395 2916 tuemini

266 2950 382 3040 'porro
398 2957 540 3034 terram,
565 2948 752 3040 populum,
778 2949 933 3019 uirtutem
949 2949 1162 3019 Saronicum.
1211 2950 1316 3020 Hunc
1327 2949 1394 3020 ium

276 3073 395 3144 regem
423 3059 573 3120 nostrum
604 3051 881 3141 ANTONIVM,
919 3062 954 3122 te
982 3052 1040 3145 pie
1072 3075 1269 3143 precemur,
1310 3053 1394 3126 deus

277 3155 405 3245 optime
429 3155 592 3239 maxime,
634 3163 799 3245 utquam
828 3154 1011 3225 diutissime
1037 3157 1165 3224 salvum
1198 3179 1270 3228 esse
1298 3157 1393 3246 velis,

277 3257 435 3346 omnique
457 3258 539 3326 bees
568 3277 694 3348 genere
713 3256 896 3340 felicitatis3
935 3257 1029 3330 hune
1050 3281 1129 3329 cun
1150 3258 1394 3352 Angustissimn

277 3359 450 3452 Coniuge,
479 3359 698 3448 universaque
713 3359 827 3428 Domo
847 3361 1003 3454 Auguste
1020 3372 1054 3432 et
1070 3362 1275 3432 nobilissime
1296 3364 1394 3432 Prin·

276 3465 392 3555 cipum
405 3462 645 3532 Snxonicorum
662 3472 785 3556 gente,
810 3463 914 3533 lenito
929 3474 1006 3534 tuuc
1021 3464 1255 3557 providentiae
1268 3465 1393 3536 fiducie

276 3587 346 3654 quo
361 3589 450 3637 nunc
473 3565 592 3636 afflicti
613 3574 688 3634 snnt
710 3567 854 3653 dolore,
877 3578 1038 3662 proteges
1058 3577 1093 3637 et
1115 3567 1213 3638 bonis
1230 3569 1391 3654 cumules,

226 3745 230 3753 ¹
270 3667 446 3758 saetasque
465 3677 504 3740 ut
524 3669 702 3741 incolumis
723 3677 851 3762 perstet
865 3671 969 3742 inoiiti
992 3680 1044 3741 tot
1058 3671 1189 3766 magnis
1203 3672 1393 3744 nominibus

276 3772 410 3866 generis
428 3773 562 3864 antique
584 3772 705 3865 gioria.
967 3765 970 3772 ’
