3288 5046
416 411 468 472 An
497 413 661 477 MEDEAM
691 414 741 474 AB
773 413 964 506 onustum
993 414 1148 480 uolutat
1276 421 1340 488 lw

223 582 418 656 Secundum
442 607 473 654 v
498 581 586 655 481.
811 535 815 544 ¹

216 808 221 818 .
220 749 439 878 φύλαττε
455 749 590 831 uuordo
605 724 808 852 υσφαλυῖς,
813 753 940 830 πολλοὶ
951 748 1021 852 γοῖρ
1036 761 1074 827 οἱ
1085 757 1302 852 πανοῦργοι,

274 852 399 951 μήπου
414 886 469 942 τις
485 864 523 934 ἐν
536 858 783 934 τοῦπισθεν
754 885 804 932 ων
820 852 867 932 ud
883 859 1004 952 σχῆμα
1018 854 1260 958 καταφυλάξῃ.

222 1031 376 1100 Tertium
399 1055 431 1101 v.
456 1026 542 1098 436.

274 1197 364 1326 προς
385 1203 506 1276 codsa
528 1203 719 1274 συστέλλου
743 1193 911 1324 σεαυτήν,

273 1299 385 1400 adalp
397 1307 703 1424 περισκοπουμένη
721 1299 863 1375 τοῖκιῖσε
885 1302 945 1374 ναὶ
967 1330 1015 1374 τοι
1007 1296 1121 1425 τῇδε

274 1412 312 1482 ἐν’
336 1407 479 1490 δεξιῶν,
503 1433 555 1504 μη
575 1399 744 1503 ξυμφορυ
763 1399 950 1498 γενήσεται
970 1433 1014 1479 τυ
1036 1408 1198 1505 πρᾶγμα.

221 1613 300 1682 Νοιι
323 1611 457 1680 obstant
477 1610 530 1679 bis
542 1557 638 1694 talia,
665 1608 771 1701 qualis
784 1607 1019 1698 Xenophontis
1035 1610 1130 1681 locus
1143 1620 1208 1696 est,
1234 1635 1337 1702 quem

156 1743 157 1746 ¹
221 1713 327 1784 modo
351 1714 503 1783 vidimus.
554 1715 596 1783 lu
616 1735 685 1802 quo
714 1713 776 1780 esti
798 1713 898 1782 scribi
918 1724 1050 1804 potest,
1075 1715 1170 1804 quod
1191 1713 1338 1786 Schnei-

222 1819 307 1886 dero
325 1818 360 1885 in
377 1827 525 1886 mentem
551 1817 657 1902 venit,
696 1810 937 1907 νατακόψειι,
978 1825 1089 1884 tamen
1112 1817 1282 1906 futurum,
1308 1821 1336 1888 si

223 1921 268 1989 de
289 1921 447 2012 opinione
469 1921 652 2011 accipitur,
678 1926 769 1988 recte
790 1940 826 1986 se
846 1916 969 1998 habet3
1001 1940 1088 2008 nou,
1122 1922 1149 1986 si
1169 1921 1215 1988 de
1235 1931 1336 1993 metu.

223 2023 362 2094 Scilicet
381 2022 451 2094 hoo
470 2022 558 2092 illud
581 2030 648 2109 est,
678 2021 802 2110 inquo
823 2020 1006 2090 difficultas
1032 2023 1169 2114 liuguae
1181 2023 1336 2094 Graecae

221 2126 330 2217 posita
355 2134 421 2214 est,
445 2125 540 2216 quod
562 2126 686 2209 multa,
711 2137 799 2213 quae
815 2123 937 2190 eodem
951 2124 1056 2192 modo
1070 2125 1245 2212 dicuntur,
1270 2128 1336 2196 ali-

174 2253 176 2260 ’
221 2229 258 2298 bi
285 2229 368 2298 alios
393 2229 576 2320 explicabis
596 2227 735 2296 hubent.
793 2225 834 2292 ln
855 2226 980 2292 eadem
1002 2225 1216 2296 adnotatione
1240 2230 1334 2319 quod

224 2330 268 2398 de
286 2330 456 2400 Herodoti
474 2331 555 2398 loco
577 2329 654 2399 vll.
678 2326 762 2399 lou.
813 2327 991 2396 Elmsleius
1008 2331 1105 2398 uobis
1120 2323 1403 2416 contradixittffl

221 2443 314 2502 reete
335 2434 428 2502 fecit.
479 2434 584 2501 Nam
597 2455 692 2520 saue,
717 2429 886 2522 quodibi
902 2432 1063 2560 scriptum
1087 2441 1153 2519 est,
1192 2431 1261 2530 ὅροι
1279 2427 1390 2532 μηῙι·

223 2531 342 2634 μάτην
360 2531 498 2630 κόμπος
518 2563 538 2608 ο
531 2529 666 2629 λόγος
679 2529 788 2614 οὗτος
807 2529 830 2606 o‘
850 2535 1032 2630 εἰρημένος
1048 2538 1117 2631 alp,
1143 2558 1212 2604 nou
1227 2537 1337 2606 debe

222 2640 339 2707 bamus
361 2638 587 2736 interpretari,
612 2638 695 2706 vide
719 2659 764 2704 πο
784 2633 920 2728 suerit,
955 2659 1060 2724 quum
1080 2639 1265 2727 optativae,
1289 2639 1335 2708 li·-

225 2751 279 2812 cet
299 2765 402 2833 saepe
429 2744 473 2811 de
495 2739 680 2832 praeteritis
706 2747 900 2830 usurpetur,
947 2747 1060 2807 tanuen
1082 2761 1151 2808 nou
1170 2741 1268 2810 aliter
1286 2743 1332 2813 od

222 2846 400 2936 praeterita
421 2846 603 2929 referatur,
637 2842 698 2911 uisi
722 2843 748 2909 si
768 2842 837 2909 alio
858 2839 963 2908 verbo
982 2841 1019 2909 id
1042 2853 1176 2933 ternpus
1196 2845 1333 2914 indica-

222 2959 294 3031 tum
317 2949 366 3016 sit.
418 2948 488 3018 Sed
518 2949 653 3018 minime
666 2955 786 3014 ¹turueu
805 2945 839 3012 iu
863 2965 905 3012 eo
931 2944 1160 3033 accedendum
1177 2957 1333 3039 putamus

222 3051 404 3139 Elmsloio,
429 3051 524 3141 quod
546 3053 616 3120 siue
640 3049 744 3118 dubio
764 3049 803 3144 ἔῃ
824 3047 918 3138 apud
945 3048 1159 3119 Herodotum
1184 3051 1332 3122 seriben-

224 3153 305 3222 dum
341 3177 412 3224 esso
440 3155 532 3226 dicit.
608 3155 696 3224 Nam
726 3148 943 3249 pleonsuevit
968 3152 1025 3222 ille
1048 3151 1181 3239 dicere,
1214 3155 1274 3224 esti
1298 3155 1335 3222 in

221 3257 346 3348 plurali
373 3257 456 3330 ἔωσι
476 3258 598 3328 scribit
657 3257 784 3326 Sauum
816 3276 897 3324 vero
931 3263 996 3343 est,
1035 3257 1097 3348 nisi
1118 3257 1332 3329 vehementer

220 3359 386 3445 fallimur,
411 3361 506 3450 quod
523 3360 602 3429 libri
622 3381 737 3429 omnes
750 3357 888 3445 babent,
914 3359 988 3456 εἴη,
1014 3361 1075 3430 sed
1090 3361 1203 3450 aliter',
1228 3383 1331 3451 quarn

222 3463 267 3531 ad
287 3464 427 3532 Aiacem
446 3464 605 3548 diximus,
651 3461 897 3554 explicandum.
980 3463 1083 3550 Quod
1115 3465 1330 3557 intelligetur,

223 3566 432 3636 considerata
454 3589 546 3636 omni
534 3567 740 3636 verborum
760 3563 1014 3655 complexione,
1047 3589 1135 3657 quoe
1157 3566 1243 3638 bueo
1264 3577 1330 3636 est:

223 3671 259 3740 εἰ
274 3695 344 3766 γαρ
367 3667 491 3744 ustrou
520 3676 661 3750 ἕκαστος
686 3671 770 3744 δέκα
803 3663 943 3762 ἀνδρῶν
971 3669 1035 3767 τῆς
1067 3669 1237 3766 στρατιῆς
1266 3671 1330 3767 τῆς

223 3771 309 3896 lunc
333 3765 499 3854 α’ντοιειός
522 3778 619 3862 ἐστι,
653 3773 692 3846 oe
716 3773 758 3844 δέ
777 3797 817 3862 γε
829 3769 1043 3894 'dltnpcst
1005 3798 1118 3846 ιιιιοσι
1143 3768 1238 3846 εἶναι
1259 3768 1329 3846 σι’ν-

182 3963 187 3973 .
222 3867 359 3956 τάξιον·
401 3874 461 3946 καὶ
484 3903 579 3948 ουτω
603 3875 673 3969 μὲν
683 3868 837 3996 ὄρους’
863 3871 908 3945 ἄν
931 3900 951 3947 ο
944 3868 1117 3968 ’λόγοςὸ
1139 3869 1241 3972 πυροὶ
1265 3875 1330 3948 ueri

222 3977 415 4074 εἰρημένος·
449 4004 479 4052 or
475 3979 536 4052 di
552 3977 718 4051 τοιοῦτοί
733 4003 775 4052 τι
789 3969 907 4056 ἐόντες
920 3975 978 4047 ιαι
999 3970 1167 4070 μεγάθεα
1189 4001 1325 4050 τοσου-

221 4103 304 4167 voe,
338 4078 414 4160 οἶος
436 4074 481 4200 od
504 4107 546 4154 τι
564 4078 624 4154 ιιυι
646 4086 685 4152 οἳ
712 4103 787 4176 παρ
787 4072 881 4200 ἑγιὲ
910 4079 1066 4172 φοιτῶσι
1087 4073 1329 4204 Ἑλλγνοιν
1283 4105 1329 4160 ις
1390 4129 1393 4148 .

220 4173 368 4272 λόγους,
411 4178 554 4274 αὐχεῖτι
576 4207 769 4262 τοσουτυν.
819 4177 889 4274 ὅρα
917 4173 971 4274 μή
997 4174 1120 4279 μα’την
1146 4208 1327 4276 νομποςυ
1416 4179 1422 4188 ’

219 4275 323 4376 λόγος
345 4278 450 4367 οὗτος
475 4313 495 4360 o
486 4283 763 4384 “ει’ρημένος”
725 4313 789 4384 ιιη
840 4282 920 4352 Hoc
940 4281 1036 4352 dicit.
1068 4285 1100 4354 ei
1124 4305 1191 4356 nou
1215 4287 1342 4358 mato-r

217 4403 278 4471 re,
315 4408 425 4479 ριιαπι
457 4395 496 4458 tu
521 4397 626 4482 atque
651 4389 714 4461 atii
750 4388 990 4472 Graecumue,
1035 4409 1123 4482 quoe
1146 4411 1217 4488 ego
1241 4391 1326 4476 uidi,
