3288 5046
326 435 390 500 2511
690 375 1062 498 tonoulntortns

360 615 363 626 '
426 603 605 692 Attulimus
619 603 789 697 potissima
801 625 937 692 eorum,
960 601 1139 694 inquibus
1163 625 1185 672 a
1208 603 1247 675 P.
1268 603 1431 674 Elmsleio

325 707 577 782 dissentiremus.
626 709 808 798 Reliquum
833 716 898 792 est,
928 715 967 776 ut
989 707 1089 776 etiam
1108 705 1153 774 de
1173 706 1213 774 iis
1234 729 1346 798 pauca
1367 706 1432 776 ad-

317 812 491 896 iiciamus,
516 833 603 900 quae
617 811 848 904 praetermissa
870 819 946 878 sunt
968 833 988 878 a
1014 809 1084 878 viro
1105 807 1307 881 doctissimo.
1357 811 1434 878 Eo-

324 937 399 982 rum
416 913 501 981 illud
517 915 593 982 satis
609 923 658 982 est
672 916 780 984 obiter
803 935 1099 998 commemorasse,
1125 911 1219 1002 quod
1236 912 1430 984 Athenaeus

323 1015 427 1085 refert
444 1039 484 1084 ex
497 1015 685 1104 clearcho,
711 1039 753 1086 ex
775 1015 904 1086 Calliae
924 1015 1102 1109 tragoedia
1117 1017 1335 1106 grammatica
1356 1017 1435 1084 Eu-

322 1119 466 1210 ripidem
485 1121 519 1187 in
534 1119 662 1189 Medea
677 1121 806 1189 cantica
820 1130 990 1208 totamque
1005 1117 1255 1209 dispositionem
1274 1118 1431 1193 bausbse.

122 1275 125 1282 ⁴
206 1247 208 1250 ·
322 1223 411 1291 Nam
431 1221 475 1290 de
493 1221 560 1292 hac
577 1245 614 1291 re
634 1223 717 1312 quid
737 1223 833 1291 nobis
857 1221 994 1316 quidem
1012 1221 1201 1306 videretur,
1233 1221 1373 1289 diximus
1395 1223 1430 1289 in

323 1325 569 1410 dissertatione,
600 1349 688 1415 quae
712 1325 959 1395 observationes
976 1324 1021 1392 de
1037 1323 1188 1394 Graecae
1203 1323 1341 1416 linguae
1356 1323 1429 1392 dia-

321 1428 418 1496 lectis
440 1430 597 1498 continet
648 1429 752 1498 Aliud
774 1437 885 1498 autem
912 1427 1015 1516 idque
1037 1449 1105 1494 non
1139 1428 1246 1496 minus
1277 1427 1429 1519 dignum,

323 1531 455 1620 dequo
475 1530 665 1624 diligentius
685 1541 915 1623 quaereretur,
940 1529 1025 1599 illud
1048 1537 1136 1620 erat,
1170 1541 1282 1600 utrum
1304 1531 1430 1622 duplex

324 1634 494 1702 exstitisset
521 1633 670 1704 Medeae
691 1633 852 1705 recensio.
910 1633 964 1704 De
984 1656 1051 1723 qua
1071 1655 1109 1701 re
1131 1641 1223 1702 tanto
1247 1634 1355 1726 magis
1377 1635 1430 1704 vi-

323 1737 422 1804 detur
443 1737 678 1828 explicandum
698 1737 819 1823 luisse,
852 1737 946 1826 quod
969 1747 1003 1805 et
1031 1738 1201 1804 Porsonus
1223 1736 1268 1804 ad
1290 1736 1427 1806 131111.

323 1849 358 1907 ct
384 1837 494 1913 1314.
529 1850 715 1909 correctam
739 1864 809 1911 esse
832 1839 922 1910 hanc
946 1839 1096 1908 fabulam
1121 1841 1164 1908 ab
1188 1838 1352 1931 Euripide
1375 1841 1429 1908 iu·

323 1941 432 2028 dicat,
468 1951 501 2010 et
534 1942 727 2013 Boeckbins
760 1944 794 2011 in
827 1943 916 2011 libro
951 1943 996 2010 de
1020 1942 1157 2036 tragicis
1183 1941 1323 2013 Graecis
1354 1964 1428 2034 cap.

320 2045 413 2114 Xlll.
438 2046 621 2116 accuratius
645 2047 680 2114 in
705 2070 780 2116 eam
804 2069 876 2115 rem
891 2031 1065 2135 inquisivit
1116 2045 1429 2116 llisserueruntea-

244 2148 247 2153 ’
320 2147 401 2217 dem
423 2148 468 2218 (11
493 2173 530 2218 re
554 2151 663 2228 etiam¹
678 2150 904 2240 Hieronymus
923 2148 1086 2218 Miillerus
1103 2150 1137 2216 in
1155 2147 1302 2236 Medea,
1317 2169 1428 2240 'quem

319 2251 444 2319 librum
469 2252 647 2321 Erfordiae
673 2251 980 2324 118111111111
1004 2275 1072 2321 non
1097 2251 1251 2343 vidimus,
1278 2262 1312 2322 et
1336 2256 1425 2346 Aug.

222 2377 224 2388 ·
320 2352 452 2421 Frider.
486 2355 706 2445 Wolperus
696 2377 731 2422 m
763 2355 988 2424 dissertatione
1021 2355 1065 2422 de
1096 2354 1223 2424 Medea
1254 2356 1428 2448 Euripidis
1476 2363 1479 2370 “

252 2455 501 2547 404tragoedia
516 2465 666 2525 correcta
690 2466 725 2525 et
749 2457 861 2524 denuo
887 2456 992 2542 edita,
1017 2481 1105 2547 quae
1128 2457 1313 2528 dissertatio
1339 2459 1430 2529 Got-

274 2541 433 2650 Ltingae
456 2558 584 2650 produt
603 2583 633 2628 a
656 2557 767 2627 1818.
817 2559 880 2628 Est
902 2583 943 2628 ea
964 2570 1075 2630 autem
1092 2560 1277 2632 admodum
1299 2563 1428 2634 lubrica
1484 2567 1487 2574 '

317 2662 475 2748 materia,
509 2672 692 2754 propterea
715 2661 809 2753 quod
838 2662 937 2733 valde
961 2665 1159 2757 ambiguum
1183 2675 1250 2751 ost,
1279 2667 1362 2755 qnid
1387 2669 1429 2736 sit

273 2773 281 2800 ¹
316 2765 420 2851 illud,
447 2776 632 2838 correctam
655 2765 756 2836 edere
778 2767 939 2835 fabulam.
988 2769 1076 2837 Narn
1097 2769 1152 2836 vel
1167 2777 1238 2836 tota
1253 2772 1427 2862 composi-

317 2869 365 2936 tio
385 2869 521 2938 fabulae
541 2869 660 2938 mutari
682 2879 811 2960 potest,
842 2869 899 2938 vel
922 2880 1034 2962 partes
1059 2872 1189 2962 aliquae
1208 2873 1347 2966 refingi,
1370 2875 1427 2944 vel

317 2971 376 3041 hio
397 2973 468 3044 illic
488 2973 629 3042 verbum
645 2972 783 3062 aliquod
810 2982 867 3042 aut
883 2995 993 3042 versus
1013 2975 1120 3042 minus
1139 2997 1332 3044 numerosus
1350 2999 1428 3049 cor-

316 3075 392 3167 rigi.
448 3075 580 3144 Horum
603 3077 630 3143 si
651 3075 797 3165 aliquid,
831 3075 913 3165 quid
934 3077 968 3144 in
991 3075 1153 3146 Medeam
1174 3079 1345 3172 Euripidis
1367 3103 1427 3150 ca-

318 3177 394 3262 dat,
428 3178 577 3247 diversae
600 3178 753 3246 videntur
775 3178 962 3248 doctorum*
979 3181 1157 3249 sententiae
1180 3204 1259 3252 esse.
1311 3183 1426 3269 Quum

317 3303 338 3348 a
352 3280 551 3368 quibusdam
566 3281 723 3348 traditum
744 3281 785 3348 sit
801 3281 947 3371 quinque
961 3283 1085 3351 talenta
1100 3307 1120 3352 a
1134 3283 1314 3354 Corinthiis
1326 3309 1425 3358 acce-

315 3383 405 3474 pisse
419 3381 636 3473 Euripidem,
660 3393 697 3451 11
720 3383 882 3454 Medeam
900 3385 1026 3456 faceret
1045 3408 1121 3454 suos
1141 3389 1250 3479 ipsam
1272 3389 1424 3460 11111111-

203 3526 229 3552 ·.
314 3487 541 3572 tenimentem,
567 3485 816 3578 Boeckhiusp.
834 3486 918 3559 lot.
940 3489 1110 3580 ingeniose
1127 3492 1277 3580 coniicit,
1303 3492 1420 3585 inpri-

314 3613 370 3658 ma
397 3589 532 3657 fabulae
554 3589 699 3658 editione
720 3615 741 3658 a
763 3590 942 3660 Corinthiis
965 3593 1093 3662 occisos
1117 3594 1217 3662 fuisse
1231 3545 1322 3665 lilios
1342 3597 1445 3666 Me-·

314 3692 418 3779 deae,
443 3693 504 3760 nisi
526 3693 600 3782 quis
619 3693 691 3762 ab
681 3694 760 3784 ipsis
776 3693 954 3764 Corinthiis
970 3698 1146 3766 excitatum
1160 3697 1251 3797 dicat
1273 3693 1423 3790 poetam,

313 3804 351 3864 ut
364 3795 458 3884 quod
471 3795 597 3865 facinus
611 3795 667 3870 alii
683 3796 863 3865 Corinthiis
881 3797 1085 3882 tribuissent,
1113 3823 1135 3867 a
1154 3798 1282 3870 Medea
1296 3826 1424 3896 perpe·

312 3907 435 3968 tratum
455 3896 666 3989 produceret
718 3898 789 3968 Sed
810 3899 880 3970 boc
899 3909 1103 3990 postremum
1122 3902 1229 3971 minus
1245 3907 1432 3995 probabile

313 4011 348 4071 et
371 3999 602 4074 Boeckbio
570 4022 677 4068 nsum
696 4011 745 4070 est
765 4009 798 4070 et
822 4001 998 4094 Wolpero.
1056 4005 1110 4074 Ac
1129 4005 1324 4078 Boeckhius
1344 4009 1423 4100 qui-

312 4103 393 4174 dem
416 4103 593 4176 coutitur
600 4112 816 4198 argumento,
842 4105 936 4194 quod
960 4129 991 4180 v
1012 4103 1268 4180 1141111111
1291 4111 1396 4184 dieat:

844 4207 889 4305 γῇ
916 4208 955 4282 δὲ
977 4209 1063 4305 τῇδε
1085 4204 1256 4332 Σισύφου

476 4333 615 4429 σεμνην
633 4302 776 4439 {opsqo
793 4337 853 4384 aot
845 4310 959 4409 ’τέλη
983 4305 1214 4408 προςόψομεν

405 4469 408 4479 f
475 4437 519 4483 so
544 4405 719 4486 λοιπόν
693 4439 776 4486 αντ(
768 4411 903 4490 rorida
918 4412 1106 4506 ovaosnotr
1119 4409 1245 4512 φόνου.
