3286 5046
352 439 416 502 ²OE
620 433 681 496 DE
707 429 867 495 ltfluso
895 431 1177 495 uateouuta

351 608 485 678 summis
509 605 666 697 ingeniis,
698 627 804 695 quum
827 626 891 696 per
915 626 951 674 se
975 613 1043 672 non
1074 611 1125 672 est
1154 601 1315 670 credibile
1347 599 1466 671 huius-

351 711 444 779 modi
468 709 617 777 fabulam
642 717 729 776 stare
754 707 920 799 potuisse,
953 715 1026 774 tum
1050 703 1189 774 credere
1213 705 1394 796 prohibent
1418 705 1467 772 illi

350 814 433 899 loci,
459 812 643 901 inquibus,
667 819 707 878 ut
731 811 817 877 infra
841 817 968 878 tanturn
992 831 1059 876 non
1084 805 1325 876 euidentissime
1350 815 1466 875 osten·

351 917 468 1001 detur,
506 915 699 984 manifestae
731 911 1026 1004 deprehenduntur
1059 929 1174 978 earum
1204 909 1466 1002 tragoediarum,

351 1041 439 1108 quae
462 1017 591 1110 aliquot
620 1015 764 1084 demum·
781 1016 871 1082 anuis
903 1023 981 1105 post
1006 1013 1114 1082 editae
1139 1021 1231 1098 sunt,
1256 1013 1464 1081 imitationes.

349 1123 470 1210 Neque
495 1141 575 1187 vero
601 1121 700 1186 etiam
724 1117 878 1209 proximo
910 1117 953 1183 ab
985 1115 1041 1182 illa
1074 1114 1278 1206 Olympiade
1310 1124 1465 1207 ternpore

350 1225 509 1315 scriptam
534 1245 607 1291 esse
632 1221 730 1290 credi-
748 1228 876 1312 potest,
909 1219 988 1308 quia
1017 1227 1089 1285 tum
1118 1227 1222 1308 poeta
1244 1217 1465 1286 hauddubie

351 1327 413 1395 sibi
439 1347 589 1415 quoque,
616 1347 703 1414 quae
729 1345 843 1390 omnes
868 1321 1033 1407 facerent,
1060 1321 1148 1387 licita
1173 1343 1246 1388 esse
1269 1322 1460 1412 putavisset

349 1429 560 1498 Documento
593 1435 669 1494 sunt
702 1425 824 1494 Critiae
855 1425 991 1492 nimium
1021 1431 1137 1491 tenues
1170 1424 1315 1492 trimetri
1367 1424 1462 1493 Reli-

297 1595 301 1606 ,
351 1553 455 1620 quum
469 1545 472 1550 '
487 1537 537 1598 est
569 1552 669 1622 ergo,
709 1539 746 1595 ut
760 1565 762 1572 ·
777 1528 901 1596 factam
939 1534 1094 1618 putemus
1133 1526 1190 1593 tali
1241 1526 1353 1615 aliquo
1403 1549 1461 1594 ae·
1562 1513 1570 1532 '

204 1659 207 1666 ’
350 1657 417 1720 vo,
475 1633 509 1700 in
562 1655 630 1722 quo
678 1653 794 1699 caussa
855 1631 966 1720 aliqua
1016 1629 1224 1721 reperiatur,
1289 1651 1357 1719 qua
1403 1653 1462 1696 an-

349 1735 496 1825 tiquioris
542 1733 737 1826 tragoediae
778 1733 982 1824 diligentiam
1021 1732 1224 1799 aemulatum
1262 1755 1335 1801 esse
1375 1754 1462 1822 poe-

347 1850 419 1907 tam
450 1837 681 1905 existimemus,
745 1834 851 1924 Atqui
891 1837 938 1902 uti
971 1835 1039 1902 iam
1076 1835 1216 1904 florente
1248 1833 1359 1902 adhuc
1391 1844 1461 1902 tra·

349 1939 473 2034 goedia
485 1937 693 2030 Sophoclem
717 1937 863 2004 nonnulli
886 1937 1162 2028 perfectissimum
1186 1938 1221 2004 in
1245 1935 1312 2004 hoc
1336 1959 1462 2043 genere

349 2067 422 2112 esse
448 2041 691 2128 existimabant,
726 2063 754 2107 e.
778 2063 807 2106 c.
833 2038 1061 2108 Aristodemus
1087 2039 1180 2130 apud
1204 2039 1463 2132 Xenophontem

347 2145 453 2215 Mem.
481 2145 576 2212 Socr.
602 2145 623 2211 l
651 2141 695 2229 4,
722 2141 756 2209 3.
788 2141 835 2209 ita
870 2143 1027 2210 eumdem
1058 2142 1300 2210 Alexandrinos
1327 2165 1461 2233 quoque

346 2273 430 2340 prae
451 2247 589 2314 caeteris
615 2245 794 2312 admiratos
821 2268 893 2313 esse
926 2253 1087 2312 monstrat
1111 2245 1165 2312 vel
1190 2245 1397 2312 notissimum
1416 2247 1460 2312 il-

346 2351 406 2418 lud
430 2347 632 2416 Dioscuridis
659 2347 882 2437 epigramma,
909 2371 976 2436 quo
1003 2345 1210 2438 Sophoclem
1235 2348 1278 2415 ab
1305 2348 1460 2416 Sositheo

347 2453 382 2520 in
406 2451 507 2518 vitam
531 2457 723 2516 revocatum
749 2471 822 2514 esse
846 2450 985 2540 scripsit
1036 2449 1121 2516 Sunt
1146 2460 1255 2517 autem
1281 2449 1461 2542 Sophoclis

347 2555 531 2646 pleraeque
557 2573 672 2618 omnes
704 2550 900 2640 tragoediae
933 2560 1009 2618 ante
1043 2549 1097 2618 01.
1124 2553 1310 2621 LXXXIX.
1338 2553 1458 2626 factae.

348 2657 464 2742 Quare
490 2662 746 2722 cousentaneum
779 2662 844 2741 est,
879 2655 936 2743 qui
961 2652 1107 2722 Sosithei
1140 2678 1224 2722 aevo
1247 2655 1460 2746 tragoediam

346 2760 492 2828 scrihere
518 2765 709 2844 conaretur,
741 2755 837 2824 huius
870 2757 982 2847 potius
1005 2779 1160 2824 numeros
1187 2781 1260 2825 esse
1285 2759 1457 2846 imitatum,

346 2884 449 2952 quam
475 2883 591 2929 eorum
616 2859 673 2949 qui
697 2869 776 2950 post
801 2860 896 2926 illum
912 2855 1179 2950 ‘negligentiores
1204 2859 1237 2928 in
1262 2855 1319 2928 illo
1334 2885 1460 2954 genere

345 2965 491 3032 fuissent
544 2963 601 3030 Sic
626 2961 729 3031 hodie
755 2984 889 3051 quoque
914 2963 1011 3052 pueri
1035 2962 1069 3029 iu
1090 2960 1210 3032 scholis
1225 2963 1365 3056 Virgilii,
1390 2989 1459 3034 non

345 3067 476 3136 Horatii
500 3062 727 3149 hexametros,
753 3073 979 3155 pentametros
1004 3074 1115 3132 autem
1139 3087 1206 3132 non
1233 3065 1369 3152 Catulli,
1397 3069 1458 3136 sed

346 3167 459 3236 Ovidii
476 3167 594 3234 imitari
608 3167 770 3233 iubentur.
820 3165 945 3232 Melica
969 3189 1050 3234 vero
1072 3168 1177 3236 Rhesi
1202 3180 1309 3237 metra
1323 3171 1350 3237 si
1362 3169 1457 3239 Mat-

344 3269 435 3358 thiae
450 3277 590 3360 propter
612 3268 802 3334 facilitatem
828 3277 862 3334 et
886 3268 1128 3360 simplicitatem
1141 3270 1195 3337 vel
1211 3293 1288 3339 cum
1299 3273 1457 3363 Aeschy-

332 3373 413 3444 leis,
430 3370 615 3461 comparari
646 3391 746 3461 posse
772 3371 869 3457 dicit,
895 3372 1005 3440 facilia
1031 3381 1064 3439 et
1089 3373 1250 3464 simplicia
1275 3397 1348 3443 esse
1374 3397 1456 3442 con-

345 3475 448 3544 cedo:
474 3483 548 3542 suut
573 3473 661 3541 euim
684 3482 764 3540 uota
788 3475 900 3541 omnia
924 3485 959 3542 et
982 3475 1116 3562 usitata,
1150 3475 1295 3566 quippe,
1328 3489 1365 3544 ut
1378 3523 1382 3528 -
1395 3479 1455 3545 tri-

203 3645 205 3654 ,
344 3579 457 3664 metri,
490 3575 535 3643 ad
561 3575 751 3668 exemplum
775 3577 895 3644 veteris
919 3577 1105 3644 Atticorum
1135 3581 1331 3668 tragoediae
1355 3581 1455 3667 facta,

344 3682 543 3769 omninoque
568 3681 679 3768 qualia
703 3679 747 3745 ab
773 3679 938 3747 imitatore
965 3680 1063 3747 condi
1087 3680 1219 3747 minime
1251 3683 1371 3750 mirum
1396 3683 1455 3752 sit:

345 3779 421 3852 c'um
444 3781 641 3873 Aeschyleis
667 3790 778 3848 autem
802 3804 870 3850 non
902 3803 1110 3872 comparem,
1143 3803 1319 3871 quae-nec
1336 3785 1454 3853 facilia

343 3885 455 3956 omnia
479 3893 537 3951 aut
562 3884 722 3976 simplicia
748 3892 838 3970 sunt,
865 3893 899 3952 et
922 3885 1045 3952 robore
1069 3885 1232 3975 pleraque
1255 3909 1295 3954 ac
1309 3889 1455 3957 noviute

344 3987 588 4082 compositionis
613 3988 657 4056 ab
682 3985 788 4054 Rhesi
812 3986 925 4054 metris
951 3985 1178 4056 diversissima

443 4190 612 4281 Sequitur*
625 4199 790 4282 quartum,
817 4189 991 4259 ostentatio
1017 4190 1195 4260 doctrinae.
1231 4192 1309 4278 Qua
1324 4194 1384 4262 etsi
1397 4193 1453 4261 hic

343 4294 486 4384 scriptor
510 4291 647 4364 nonita
670 4293 810 4364 modum
836 4294 985 4383 sucessit,¹
1008 4303 1046 4361 ut
1069 4294 1169 4384 plane
1192 4291 1365 4364 ¹desereret
1378 4319 1454 4364 mo-

343 4415 415 4464 renr
440 4395 660 4487 tragicorum,
675 4449 678 4456 .
692 4409 804 4468 tamen
829 4397 884 4482 vix
907 4397 1030 4490 poterit
1054 4395 1189 4491 negari,
1209 4420 1294 4468 cum
1318 4398 1383 4487 sic,
1415 4408 1454 4468 ut
