3296 5042
301 377 344 442 43
610 365 669 434 DE
695 365 932 439 nuscum
958 366 1102 438 olous

165 561 169 572 ’
215 595 220 606 ,
301 548 454 673 ἔραται,
479 537 653 667 tots
606 571 673 620 τον
694 539 886 636 Λχιλλέως
895 537 1247 668 retruderentur,
1272 539 1351 620 ddi
1368 545 1408 620 ds

300 677 349 746 τῃ
333 641 545 746 Νιόβη
499 648 651 723 ιοντιῖν
665 648 819 722 παίδων
847 640 906 722 διδ
926 673 987 722 eor
979 643 1293 744 nordspoiorpeos
1313 647 1410 730 τινὲς

301 753 451 826 celerior
472 777 540 849 την
552 750 769 848 αρανῳδίαν.
821 749 917 820 lt'ihil
933 749 986 819 his
1010 771 1078 872 ego
1097 750 1235 841 quidem
1253 771 1410 820 commo-

300 875 392 922 veor.
442 855 531 924 Nam
551 864 679 922 veteres
697 853 874 944 scriptores
890 875 994 943 quum
1011 853 1161 922 universe
1179 853 1325 954 tragicos
1347 875 1410 921 eo-

300 978 443 1045 rumque
470 957 594 1048 scripta
615 957 806 1041 nominant,
836 956 1035 1048 tragoediae
1061 956 1289 1048 appellatione
1309 955 1410 1026 etiem

300 1060 454 1148 satyricos
467 1060 599 1129 fabulas
613 1057 920 1150 comprehendunt:
945 1058 982 1128 id
996 1060 1091 1148 quod
1106 1061 1174 1126 iam
1195 1059 1411 1128 casaubonus

300 1185 376 1252 cap.
398 1161 432 1228 3.
456 1163 502 1232 de
527 1163 625 1254 poesi
646 1172 705 1230 sat.
731 1183 769 1252 p.
785 1159 846 1229 91.
870 1161 924 1230 sd.
945 1161 1070 1228 Ramb.
1086 1161 1274 1246 adnotavit,
1300 1183 1410 1250 eoque
1499 1239 1500 1246 ¹

194 1286 202 1298 “
254 1289 256 1293 ·
299 1265 521 1333 modoetiam
543 1283 630 1354 quae
644 1266 688 1333 ab
705 1263 908 1354 Asclepiade
930 1264 1069 1352 aliisque
1082 1266 1207 1355 scripta
1222 1273 1296 1332 sunt
1314 1289 1410 1358 τρα-

301 1361 512 1460 γῳδούμενα
540 1367 685 1458 intelligi
717 1367 859 1455 debere,
902 1365 1073 1434 Werferus
1104 1368 1232 1434 monuit
1263 1367 1299 1433 iu
1333 1368 1409 1435 Act

245 1473 249 1486 '
301 1470 438 1539 Monac.
452 1470 496 1546 Π.
513 1470 593 1542 fasc.
615 1469 651 1537 4.
675 1492 710 1560 p.
730 1464 817 1536 435.
870 1467 961 1552 Quin
977 1470 1099 1537 Pollux
1113 1470 1158 1536 ll.
1186 1467 1271 1536 223.
1289 1469 1349 1536 ubi
1368 1490 1412 1535 ne

172 1599 177 1605 ·
300 1583 435 1663 poterat
451 1573 589 1662 quidem
605 1572 650 1641 (le
665 1569 842 1664 tragoedia
855 1570 1008 1662 cogitari,
1034 1573 1178 1666 scripsit.
1207 1569 1266 1646 καὶ
1280 1568 1303 1666 ἠ
1317 1596 1415 1665 τρα-

301 1674 412 1768 γῳδία
427 1701 495 1766 την
517 1670 629 1768 dolce
649 1667 806 1769 οὐράνην
821 1665 974 1759 dedisce,
999 1673 1160 1768 Aeschyli
1178 1684 1212 1742 et
1230 1671 1414 1764 Sophoclis

274 1786 431 1866 ttsatyros
451 1777 576 1854 dicens.
628 1775 790 1866 Aeschyli
808 1797 889 1845 vero
903 1775 1097 1845 Athenaeus
1113 1775 1343 1870 Myrmidones
1357 1797 1415 1844 re-

300 1881 416 1972 spicit,
442 1902 545 1968 quam
557 1878 708 1947 fabulam
722 1899 789 1944 nou
802 1877 929 1968 magis,
955 1901 1057 1967 quam
1072 1877 1255 1970 Sophoclis
1267 1880 1413 1962 Nioben,

298 1981 513 2074 tragoediam
534 1981 650 2069 fuisse,
676 1981 866 2070 fragmenta
888 1979 956 2046 eius
971 1981 1047 2048 satis
1063 1989 1179 2072 aperte
1197 1981 1279 2050 mihi
1293 1981 1414 2052 videu-

296 2095 355 2176 tur
371 2107 530 2177 arguere,
555 2083 635 2154 licet
659 2091 693 2151 et
716 2080 926 2163 Eustathius‚
948 2081 1090 2152 ‘dietum
1112 2083 1285 2173 quoddam
1311 2107 1352 2152 ex
1374 2107 1415 2154 ea

179 2184 186 2245 '.
301 2187 463 2274 afferens,
489 2185 715 2282 ιρανςιδιιῶι
739 2187 851 2258 εἰπεῖν
871 2184 978 2270 diost,
1014 2195 1048 2254 et
1068 2185 1270 2281 upopodion
1290 2187 1414 2278 appel-

159 2329 163 2334 =
301 2291 349 2358 let
366 2288 584 2373 Plutarchus,
610 2290 729 2356 sicum
749 2298 841 2358 recte
862 2287 1051 2356 emendavit
1071 2288 1237 2358 Porsonus
1255 2288 1415 2358 adMed.
1545 2342 1552 2356 .

304 2389 390 2459 139.
416 2392 508 2460 vul.
559 2389 687 2460 Vltima
711 2390 878 2458 Athenaei
898 2390 1002 2459 verba
1022 2411 1090 2458 nou
1119 2391 1165 2460 ad
1190 2391 1325 2460 Nioben
1347 2393 1417 2462 So-

199 2557 208 2572 „
302 2493 462 2616 phoelis,
481 2492 542 2566 sed
563 2492 698 2566 omuino
724 2492 768 2564 ad
790 2491 936 2588 tragicos
952 2491 1106 2564 ridentur
1118 2493 1296 2566 referenda
1309 2517 1389 2566 esse.

315 2722 326 2728 ·’
406 2701 478 2776 Sed
494 2701 653 2793 quonism
672 2702 849 2796 satyricam
867 2701 968 2774 fuisse
985 2701 1169 2795 Sophoclis
1183 2701 1319 2772 Nioben
1337 2701 1417 2788 dixi,

302 2813 372 2874 uon
386 2805 446 2875 ahs
461 2829 499 2875 re
513 2807 592 2894 erit,
617 2805 771 2876 scholion
787 2807 951 2898 attigisse,
978 2807 1071 2876 euius
1093 2816 1224 2898 partem
1244 2805 1417 2876 wernerus

304 2923 346 2985 ex
366 2909 517 2998 quodam
531 2908 652 2979 codiee
665 2907 928 2978 Darmstadieusi
943 2907 1048 2978 edidit
1062 2910 1096 2976 iu
1110 2909 1205 2979 Actis
1219 2907 1357 2980 Monac.
1371 2909 1417 2976 11.

303 3011 385 3082 fasc.
410 3010 446 3078 4.
471 3034 507 3102 p.
530 3005 618 3084 515.
641 3011 688 3078 iu
714 3033 784 3101 quo
809 3009 939 3082 scholio
960 3034 1065 3100 quum
1088 3011 1205 3080 lambe
1233 3010 1420 3102 Sophoclis

148 3188 158 3194 ,
303 3123 603 3198 commemoretur,
628 3114 721 3183 ouius
742 3112 880 3182 fabulae
899 3111 1015 3182 adhuc
1036 3134 1104 3182 uon
1127 3113 1192 3182 alia
1214 3116 1418 3184 meutio're·

174 3293 179 3298 ,
301 3225 401 3308 perta
422 3224 488 3304 est,
520 3215 680 3306 suspicari
701 3217 798 3300 licet,
835 3237 877 3284 ex
900 3215 1034 3284 Niobae
1061 3217 1196 3284 nomine
1221 3226 1419 3308 conuptum

303 3343 376 3388 esse
390 3317 487 3387 illum
502 3317 638 3386 fabulae
649 3317 807 3388 iudicem
840 3317 969 3387 Totum
981 3318 1146 3404 scholion,
1171 3321 1266 3409 quod
1280 3343 1301 3388 a
1315 3316 1419 3389 Wer-

154 3469 156 3490 .
300 3421 377 3490 fero
399 3444 464 3513 per
485 3421 611 3490 litteras
634 3442 768 3491 mecum
793 3421 1075 3492 communicatum
1098 3422 1230 3508 babeo,
1263 3423 1309 3498 ite
1333 3424 1418 3494 sori-

300 3535 401 3618 ptum
419 3535 485 3593 est:
524 3525 619 3598 ἔοικε
649 3517 696 3598 ed
718 3522 917 3652 φινιιιίζιιν
944 3524 1005 3596 καὶ
1033 3551 1056 3622 η
1083 3517 1217 3646 perdor]
1246 3519 1321 3598 ἀπα
1347 3523 1419 3598 rori

302 3625 501 3726 πηνηιιίζιιν
516 3626 577 3699 καὶ
589 3626 653 3723 τῆς
666 3623 820 3725 αηνήιιης
833 3625 1021 3720 νίνισθαιι
1048 3625 1092 3708 ὥς
1105 3653 1150 3699 ιο
1142 3620 1328 3724 ἐξαπίνης
1341 3619 1419 3700 cino

212 3727 214 3736 ’
301 3757 371 3803 τοι
358 3731 569 3826 ”ἐξαι’φνηι·
596 3756 657 3817 και
648 3726 821 3825 δῆλιν”
799 3755 859 3802 οτι
874 3753 910 3800 οι
902 3723 1164 3826 παλαιότεροι
1178 3728 1329 3822 ιωμιναὶ
1343 3755 1418 3850 my-

302 3825 412 3927 ιιήιιην
444 3830 505 3904 καὶ
537 3830 730 3926 ιιηνιιιίζιιν
762 3829 900 3923 ἕλιγοιιε
941 3833 1144 3924 Κρατῖνος
1185 3857 1420 3930 πονηρους

304 3926 580 4027 ἀνθρώποις
604 3930 850 4051 πηνηιίζων
875 3933 1104 4028 sichard·
1129 3933 1274 4026 λέγεται
1290 3935 1419 4030 cinq

303 4035 380 4158 νίκη
403 4036 520 4125 [supra
542 4035 794 4125 scriptumest,
825 4029 901 4108 uiuo
922 4035 988 4155 τῆς
1007 4005 1229 4157 πηνήιης)
1206 4063 1227 4132 ι,
1251 4033 1422 4115 ἐπίθετοι

303 4133 412 4236 urion:
439 4130 724 4234 ὅθινιορῆμα·
751 4129 1026 4218 αιςέντούιοις·
1053 4131 1133 4264 e'yoi
1158 4137 1420 4212 δὲδιαιαῦ-

303 4267 359 4311 ια
372 4266 437 4336 μη
429 4235 598 4332 γέλων
624 4237 777 4332 doloro
800 4231 948 4326 lotoe,
974 4238 1083 4336 cepi
1105 4233 1190 4359 τήν
1214 4233 1420 4334 sepulcra

305 4347 349 4424 ἑξ
360 4343 515 4440 ἤμμαι
542 4340 730 4440 noviomo
753 4363 883 4414 τινα
908 4340 986 4414 ἔστι
1010 4344 1047 4416 di
1071 4369 1115 4414 ιο
1142 4341 1342 4438 φενακίζειν
1365 4344 1421 4416 si·-
