3286 5046
305 453 369 516 reo
592 447 831 510 canusso
863 415 1135 511 rnroonorn

305 644 477 712 quumque
502 645 531 689 v.
559 619 643 688 662.
673 621 828 692 Rhesum
853 621 939 704 ἄςτο
964 620 1120 714 δαίμονα
1146 621 1180 689 io
1206 641 1305 689 curru
1331 631 1418 690 stare

305 725 495 810 audiamus,
521 723 708 844 Homerum
733 726 777 794 de
802 728 901 794 armis
928 725 996 794 eius
1022 725 1151 810 dicere,

569 890 618 968 τᾶ
642 895 711 988 μὲν
737 894 822 970 οὔτι
847 887 1134 992 ναταθνήτοισιν
1160 895 1275 968 ἔσιιιιν

432 996 621 1096 ἄνδρεσσιν
642 1001 812 1096 φοροίιν,
837 995 913 1074 ἄλλ’
940 991 1164 1070 ἀθανάτοισι
1189 1002 1341 1070 θεοῖσιν.

305 1167 435 1236 Horam
460 1170 575 1254 noctis,
602 1191 668 1258 qua
682 1168 863 1237 Diomedes
890 1177 923 1236 et
938 1169 1075 1258 Vlysses
1102 1165 1328 1258 egrediuntur,
1353 1165 1416 1261 §-

304 1271 445 1364 signavit
468 1271 636 1339 Homerus
663 1293 693 1340 v.
722 1267 807 1356 251.

568 1433 668 1534 μᾶλα
694 1435 764 1536 ρᾶρ
791 1434 853 1522 νᾶξ
879 1437 1020 1528 ἄνεται,
1047 1429 1175 1530 ἐγγύθι
1202 1433 1231 1508 ἄ
1258 1430 1341 1532 q'o'c·

431 1539 549 1640 ἄστρα
586 1543 624 1615 δὲ
660 1536 704 1639 oq*
735 1543 956 1638 βροβέβηιιι,
1004 1533 1215 1658 παρρξχηιιιν
1241 1539 1279 1610 di
1304 1539 1416 1613 πλέον

430 1744 503 1818 τᾶν
538 1739 603 1818 δύο
635 1740 819 1843 μοιρᾶων,
855 1737 1008 1844 τριτᾶτη
1042 1651 1169 1918 civita
1205 1748 1320 1839 μοῖρα
1356 1745 1416 1817 λέ-

1093 1871 1226 1920 ειπται.

301 2016 397 2086 Idem
422 2015 501 2084 fecit
527 2018 668 2110 scriptor
693 2015 816 2103 Rhesi,
848 2013 971 2108 partim
995 2015 1113 2083 iisdem
1138 2015 1266 2103 verbis,
1298 2016 1418 2107 partim

302 2121 431 2188 doctius
456 2121 650 2189 nominatim
674 2119 865 2189 memoratis
899 2117 1099 2207 quibusdam
1130 2119 1231 2210 signis
1266 2120 1416 2186 caelesti—

301 2223 380 2309 bus,
408 2231 442 2289 et
467 2233 569 2312 quota
594 2233 714 2316 agatur
738 2223 852 2313 vigilia
878 2219 1007 2306 dicens,
1033 2243 1064 2290 v.
1083 2217 1168 2288 521.
1185 2244 1278 2312 seqq.
1306 2221 1419 2305 Quam

301 2324 395 2416 apud
407 2323 596 2392 Homerum
607 2328 741 2394 Rhesus
757 2325 931 2392 stationem
953 2323 1057 2390 habet
1081 2323 1116 2390 in
1142 2333 1296 2392 extremo·
1316 2347 1418 2392 cornu

301 2449 331 2494 v.
358 2423 444 2492 434.
472 2427 626 2494 eamdem
652 2429 753 2494 etiam
776 2427 810 2491 in
835 2424 1010 2514 tragoedia
1035 2448 1065 2492 v.
1092 2421 1178 2492 519.
1230 2425 1322 2517 Equi
1347 2428 1416 2495 eius

300 2536 379 2621 post
412 2549 545 2595 currrun
577 2523 703 2621 alligati
736 2535 821 2596 stant
854 2527 947 2618 apud
974 2527 1167 2596 Homerum
1206 2551 1236 2596 v.
1263 2526 1348 2596 474.
1382 2531 1417 2597 in

300 2630 476 2722 tragoedia
502 2655 531 2699 v.
559 2627 645 2700 56Ί.
672 2636 715 2700 et'
731 2629 817 2698 616.
851 2629 956 2722 Apud
981 2630 1148 2721 tragicum
1172 2653 1203 2697 v.
1229 2627 1315 2700 575.
1341 2631 1417 2700 He-

240 2813 247 2830 ·
300 2735 401 2802 etoris
427 2734 603 2802 stationem
626 2759 648 2802 a
662 2735 793 2806 Dolone
818 2733 997 2802 iudicatam
1012 2733 1093 2800 dicit
1106 2733 1300 2822 Diomedes,
1325 2735 1419 2826 apud

300 2835 489 2905 Homerum
512 2859 544 2905 v.
560 2835 644 2906 m.
671 2837 778 2905 Rhesi
803 2838 977 2905 stationem
1001 2835 1155 2926 Vlysses,
1182 2837 1273 2904 cuius
1289 2837 1418 2928 reliqua

280 2989 283 3000 .
299 2960 379 3031 pars
406 2940 560 3007 orationis
585 2941 621 3007 in
644 2939 821 3030 tragoedia
847 2946 983 3029 quoque
998 2937 1076 3006 data
1090 2947 1142 3006 est
1157 2939 1269 3028 Vlyssi
1283 2962 1314 3008 v.
1328 2937 1414 3009 622.

299 3040 491 3111 Minervam
519 3043 554 3110 in
578 3043 754 3134 tragoedia
784 3051 939 3133 precatur
966 3041 1102 3130 Viysscs
1134 3063 1165 3110 v.
1194 3040 1290 3124 oo&
1330 3043 1416 3110 Dio-

299 3143 416 3211 medes
441 3145 534 3236 apud
558 3145 746 3213 Homerum
771 3167 801 3213 v.
828 3142 914 3210 462.
949 3143 1006 3210 ubi
1032 3144 1198 3235 sapienter
1224 3145 1289 3212 dea
1313 3146 1416 3214 caesis

300 3245 438 3313 demum
463 3247 651 3314 Thracibus
684 3246 919 3331 introducitur,
952 3245 1135 3315 admonens
1168 3246 1212 3316 de
1243 3247 1352 3317 reditu
1384 3273 1415 3318 v.

300 3342 386 3431 568.
439 3347 604 3440 Tragicus
631 3372 707 3416 eam
732 3349 841 3417 statim
866 3351 1017 3440 precanti
1043 3348 1200 3418 advenire
1226 3352 1346 3439 voluit,
1379 3361 1415 3420 ut

300 3460 485 3538 enarraret,
511 3473 598 3540 quae
624 3451 718 3544 apud
741 3452 929 3520 Homerum
942 3451 1032 3520 Dolo
1059 3453 1264 3544 exposuisset
1291 3451 1412 3522 etot.

300 3577 394 3643 seqq.
435 3555 593 3644 quoniam
625 3554 722 3624 huius
765 3579 842 3623 cum
875 3555 1013 3621 Graecis
1048 3555 1189 3624 ducibus
1223 3559 1415 3648 congressio

300 3665 393 3724 extra
417 3679 555 3728 scenam
579 3659 669 3727 facta
695 3668 759 3746 est,
786 3681 817 3743 ν.
844 3652 1073 3760 595-621.
1100 3659 1158 3726 ubi
1182 3659 1315 3747 ultima,

855 3822 900 3900 οὐ
925 3820 994 3923 ρᾶρ
1021 3823 1098 3900 ὅσθ’
1125 3825 1218 3902 ὅπου

411 3920 560 4002 ’τοιόνδ’
587 3925 705 4026 ὄχημα
731 3921 832 4020 χθοᾶν
857 3929 1005 4003 uiuendo
1030 3923 1202 4018 πωλικόν,

298 4101 417 4170 similia
440 4107 516 4168 sunt
539 4099 602 4188 iis,
623 4123 711 4191 quae
736 4099 829 4192 apud
843 4099 1030 4169 Homerum
1044 4103 1167 4170 Nestor
1181 4103 1260 4170 dicit
1281 4125 1312 4170 v.
1328 4097 1413 4170 5482

298 4212 480 4293 numquam
504 4203 624 4274 vidisse
656 4227 691 4273 se
724 4205 807 4272 tales
833 4225 938 4293 equos
963 4205 996 4272 in
1023 4205 1231 4276 Graecormn
1256 4205 1411 4273 exercitu.

299 4304 398 4388 Quae
430 4327 461 4372 v.
487 4303 573 4376 669.
604 4297 995 4398 Minervaerespondet
1019 4309 1172 4398 Viysses,
1208 4309 1414 4400 apertissime

300 4425 342 4476 ex
360 4405 547 4478 Homericis
573 4431 604 4478 v.
631 4407 716 4480 218.
744 4419 877 4503 sumpta
902 4419 993 4494 sunt;
1018 4411 1105 4480 haec
1130 4419 1251 4500 autem,
