3288 5046
297 396 360 460 2⁷4
575 390 632 450 Dll
660 389 818 452 RHESO
845 389 1128 450 annoouull

298 565 413 634 aetatis
437 561 725 631 duodevicesimo:
751 583 818 628 nou
841 560 950 650 potuit
975 569 1066 628 certe
1087 559 1197 651 prius,
1228 560 1259 638 'sl
1278 561 1413 628 omnino
1496 579 1499 586 ·

297 670 354 736 illa
375 666 491 735 fabula
512 688 672 754 umquam
693 673 743 732 est
757 663 896 731 Athenis
910 664 943 730 iu
962 685 1097 732 scenam
1112 661 1294 754 producta:
1322 673 1414 730 estne

296 794 360 862 per
379 769 481 860 ipsius
502 768 636 836 fabulae
662 766 958 836 conformationem
981 766 1158 852 credibile,
1192 766 1235 832 ab
1256 765 1316 832 illo
1339 789 1415 834 eam

297 869 460 962 Euripide
480 871 604 938 factam
626 893 716 956 esse,
749 870 839 938 cuius
870 877 945 936 suut
971 867 1119 958 reliquae
1149 890 1231 956 quas
1248 865 1412 936 habemus

297 969 516 1066 tragoediae?
541 972 653 1040 Mutat
673 965 827 1062 profecto
850 970 977 1060 aliquid
998 981 1116 1058 aetas‚·
1130 971 1278 1060 facitque
1301 994 1414 1062 saepe,

298 1087 336 1146 ut
357 1076 430 1166 quis
450 1076 532 1144 alius
551 1075 720 1162 videatur,
754 1075 804 1141 vir
824 1073 950 1161 factus,
984 1097 1087 1162 quam
1114 1073 1307 1142 adolescens
1334 1073 1414 1142 fuit:
1494 1093 1495 1098 ’

299 1189 334 1246 at
352 1202 420 1246 non
442 1187 610 1246 mutantur
637 1187 749 1246 tamen
770 1177 896 1262 omnia,
937 1175 998 1246 sed
1027 1187 1077 1252 est
1105 1177 1205 1244 etiam
1233 1176 1327 1265 quod
1353 1177 1413 1244 sibi

299 1287 442 1366 constet,
467 1290 667 1369 manentque
682 1281 794 1369 aliqua
816 1279 933 1346 saltem
953 1278 1102 1346 eiusdem
1125 1278 1247 1370 ingenii
1266 1279 1412 1370 vestigia.

285 1385 443 1452 'Vbinam
466 1404 547 1451 vero
574 1382 608 1450 iu
635 1382 752 1462 ereso
780 1381 837 1449 illa
872 1381 971 1471 copia
1010 1391 1110 1470 atque
1141 1383 1292 1466 ubertas,
1330 1382 1414 1450 illud

299 1487 400 1556 molle
422 1509 462 1553 ac
480 1494 650 1572 tenerum,
683 1486 739 1552 illa
764 1483 809 1550 ad
835 1484 961 1550 flebiles
990 1484 1090 1551 ardmi
1115 1483 1308 1552 affectiones
1330 1507 1412 1574 pro-

298 1591 435 1682 pensio,
459 1588 516 1656 illa
531 1589 634 1679 plana
652 1597 686 1655 et
707 1587 890 1668 communis
914 1587 1037 1672 oratio,
1061 1586 1146 1654 illud
1161 1609 1268 1677 genus
1283 1586 1415 1656 dicendi

299 1692 551 1777 sententiosum,
581 1691 704 1780 illaque
725 1690 770 1757 ad
790 1687 1098 1780 philosophandum
1117 1689 1333 1779 proclivitas?
1356 1690 1416 1760 .Si

298 1795 385 1862 haee
405 1795 441 1861 iu
453 1793 615 1862 fructibus
632 1791 835 1860 numeranda
856 1802 931 1870 suut
946 1793 1000 1860 vel
1013 1792 1262 1860 maturescentis
1278 1792 1414 1882 ingenii,

299 1897 355 1966 vel
381 1895 545 1986 diligentis
567 1895 824 1981 exercitationis,
863 1901 897 1960 at
916 1894 1027 1982 aliqua
1047 1903 1161 1961 tamen
1183 1917 1300 1962 eorum
1326 1895 1415 1962 initia
1551 1893 1555 1902 '

298 2001 333 2068 in
354 1999 472 2067 Rheso
493 1997 630 2066 inveniri
657 2020 789 2089 speres,
820 1996 917 2064 rudia
939 1997 1080 2064 fortasse
1100 1997 1156 2064 illa
1183 2007 1283 2087 atque
1303 1996 1415 2088 impo-

180 2132 182 2136 ·
298 2103 374 2188 lita,
414 2099 477 2170 sed
501 2110 539 2168 ut
559 2110 672 2168 tamen
698 2101 853 2168 umbram
880 2099 1028 2192 aliquam
1049 2099 1222 2189 Euripidis
1240 2121 1414 2191 agnoscas

299 2204 392 2272 Nihil
415 2203 553 2288 horum,
586 2203 648 2270 sed
672 2203 796 2294 frigida
817 2203 946 2287 omnia,
979 2203 1179 2292 exsanguia,
1210 2202 1338 2293 rigida,
1364 2204 1415 2270 la·

300 2307 486 2394 boremque
521 2301 692 2372 dumtaxat
727 2315 760 2371 et
795 2327 974 2394 operosam
1015 2303 1219 2395 diligentiam
1252 2305 1414 2374 testantia
1470 2323 1473 2330 '

300 2407 455 2494 Denique
484 2407 511 2474 si
536 2415 642 2472 totam
668 2406 889 2476 inventionem
917 2406 1053 2473 fabulae
1080 2417 1113 2472 et
1141 2408 1416 2498 compositionem
1483 2425 1485 2432 “

301 2517 509 2600 spectamus,
535 2527 743 2597 quaequam
765 2507 881 2598 inepta
905 2507 950 2574 sit
962 2507 1216 2597 Valckenarius,
1243 2519 1277 2576 et
1296 2519 1416 2600 postea

299 2610 466 2696 Beckius‚
489 2606 665 2678 novissime
685 2619 796 2687 autem
811 2609 1015 2680 Morstadius
1030 2601 1230 2699 docuerunt
1250 2613 1322 2702 quis
1340 2637 1420 2682 cre-

302 2713 378 2800 dat,
411 2736 487 2780 eum
508 2722 664 2804 poetam,
697 2713 754 2803 qui
774 2713 889 2804 paullo
910 2723 990 2804 post
1015 2723 1086 2781 arte
1109 2716 1237 2783 animos
1264 2737 1416 2784 commo-

267 2809 272 2824 ’
301 2816 401 2885 vendi
415 2839 578 2884 summam
597 2825 648 2884 est
668 2816 850 2884 claritatem
867 2815 1027 2906 adeptus,
1052 2817 1087 2884 in
1108 2818 1185 2907 ipso
1204 2819 1288 2886 flore
1310 2827 1344 2888 et
1364 2821 1416 2887 vi-

300 2941 386 3012 g⁰¹⁶
408 2911 541 3004 allati&
566 2920 624 3008 ‘1¹¹i
636 2920 779 2986 mfflme
796 2939 921 3010 p10¹1us
944 2929 994 2986 est
1013 2919 1058 2985 ad
1070 2919 1292 2989 'vehementes
1317 2922 1443 2990 animi*
1486 2946 1490 2954 v

300 3031 428 3107 motus,
452 3021 663 3112 tragoediam
684 3022 934 3112 conscripsisse,
961 3043 1048 3110 quae
1076 3044 1143 3090 uon
1161 3033 1289 3092 metum
1308 3024 1415 3092 ullum

300 3132 358 3192 aut
381 3125 625 3204 miserationem
645 3125 806 3208 excitare‚‘
836 3145 903 3190 non
928 3124 1074 3190 moribus
1095 3127 1271 3215 generosis
1287 3135 1321 3194 et
1339 3125 1417 3194 ina-

301 3225 511 3315 gnum'quid
533 3225 890 3314 spirantibusretinere
912 3225 1055 3312 animos,
1080 3249 1149 3296 non
1169 3230 1415 3318 exspectatione

291 3321 436 3394 'alcuius
458 3324 680 3408 memorabilis
690 3335 848 3402 eventus·
859 3327 1032 3420 advertere
1046 3339 1174 3398 mentes
1189 3338 1414 3422 spectatorum

299 3429 453 3520 posset?
469 3427 517 3496 Et
538 3426 728 3497 huiusmodi
741 3430 891 3498 fabulam
911 3431 945 3497 in
964 3455 1098 3500 scenam
1116 3433 1318 3524 productam
1340 3439 1418 3504 esse.

299 3532 490 3622 putabimus
514 3553 555 3598 eo
578 3540 754 3624 tempore,
781 3556 822 3600 ea
838 3533 873 3600 in
892 3534 993 3620 urbe,
1018 3536 1056 3602 iis
1080 3557 1194 3604 coram
1213 3535 1413 3625 hominibus,

298 3635 356 3723 qui
380 3656 509 3702 summa
528 3634 585 3726 illa
604 3634 765 3725 Aeschyli
786 3645 821 3704 et
843 3634 1022 3725 Sophoclis
1043 3636 1176 3730 ingenia
1199 3648 1276 3708 ante
1298 3640 1413 3708 oculos

296 3735 480 3823 habereut,
512 3737 681 3823 audirent,
713 3739 975 3806 admirarentur?
1012 3738 1154 3808 Facilius
1184 3764 1251 3833 ego
1273 3743 1418 3833 quidem

296 3837 379 3906 milri
398 3839 595 3930 persuaderi
612 3849 768 3929 paterer,
800 3863 873 3910 esse
893 3863 968 3908 eam
994 3843 1123 3932 puerile
1151 3843 1289 3934 aliquod
1317 3845 1411 3928 rudi-
1451 3915 1454 3920 ,

297 3949 463 4026 mentum,
490 3940 583 4030 quod
605 3941 669 4008 stili
689 3944 865 4012 exercendi
888 3965 1004 4011 caussa
1023 3945 1207 4036 scripsisset
1222 3947 1429 4040 Euripides,'

297 4044 359 4112 nisi
384 4038 490 4112 multo
515 4043 641 4110 maiore
668 4043 819 4112 riderem
845 4046 1159 4118 cura·elaboratum
1182 4073 1273 4138 esse,
1310 4074 1412 4140 quam

298 4169 386 4236 quae
405 4145 494 4214 cadit
512 4147 546 4213 in
571 4146 662 4220 istius
683 4149 798 4216 aetatis
819 4148 1003 4218 levitatem.¹
1055 4193 1058 4204 ·
1093 4147 1096 4154 ’

399 4247 503 4332 Quod
528 4249 555 4320 si
576 4271 619 4316 ne
640 4248 781 4320 Cratetis
797 4251 934 4340 quidem
947 4251 1107 4320 sententia
1126 4253 1264 4343 probari
1288 4260 1410 4344 potest,

296 4349 551 4440 reliquarum,
582 4360 635 4438 ut,
661 4355 818 4442 quoniam
839 4355 975 4426 testibus
998 4355 1101 4448 plane
1120 4355 1265 4426 destituti
1287 4377 1409 4442 sumus,
